2414 3856
254 177 300 231 IX.
321 177 405 231 Anth.
423 177 484 231 Pal.
503 193 566 246 epp.
586 176 806 232 demonstrativa
824 182 975 232 iau-499.
1056 177 1121 242 493

354 342 415 392 498.
449 337 500 400 Είς
518 336 632 406 Πέρσην
650 335 869 407 μηΙτροφθόρον.
1084 337 1122 390 A·

105 431 165 514 Μὴ
188 430 302 517 θάψῃς
324 431 384 496 τὸν
407 431 571 514 άθαπτον,
594 427 632 496 έα
654 428 732 496 κυσί
755 431 865 514 κύρμα
889 429 1060 514 γενέσθαι·

104 545 147 621 μῆ
172 536 306 603 πάντων
329 541 434 623 μήτηρ
458 539 698 623 μητροφθόρον
718 536 758 602 οὐ
782 535 884 622 θέχετ’
908 538 1023 623 ἄνδρα.
1052 543 1123 596 Μετ’

479 699 540 748 499.
572 690 749 748 ’‘AAHAON.
1032 693 1078 748 A&
1090 693 1124 748 Pl

77 793 90 832 5
320 839 325 851 ,
489 783 541 847 Είς
558 783 608 839 τὸν
626 781 737 855 χρόνον.
1085 783 1123 837 Α*

101 873 286 959 Ἀρμαίέως
309 874 444 959 φέρεται
468 875 584 952 πολιὸς
607 877 735 961 χρόνος,
760 874 844 941 datu
867 873 1045 962 παρέρπων

150 979 205 1046 καί
229 983 344 1065 φωνάς
366 981 496 1048 κλέπτει
521 981 765 1067 φθεγγομένων
788 985 954 1068 μερόπων,

106 1125 184 1177 terea
202 1122 272 1192 μηδὲ
291 1125 385 1176 παῦλα
403 1121 454 1191 τὴν
474 1125 518 1190 φλ.
539 1120 621 1194 σβέσῃ
638 1123 642 1191 Ι
659 1120 766 1192 σβέσηιε
785 1121 820 1190 Ρ;
845 1121 936 1194 σβέση,
956 1122 1009 1176 ΡΙΜ
1028 1122 1124 1196 σβέση;

105 1194 159 1248 le
170 1194 260 1264 (signo
275 1193 469 1282 interrogandi
482 1210 582 1263 parum
597 1196 663 1263 apte
674 1193 813 1264 adhibito)
849 1213 876 1264 p.
888 1200 948 1260 492,
958 1201 973 1247 ὁ
983 1193 1125 1263 θεραπεία

106 1283 151 1320 σοι
161 1265 301 1318 Pl²¹·¹¹¹P⁸¹e
315 1267 392 1320 -πεῖα
412 1282 455 1319 σοι
474 1265 501 1335 (i.
518 1282 541 1319 e.
561 1264 640 1320 -νιεῖά
659 1282 695 1319 or.
716 1281 750 1319 ex
768 1263 859 1337 -πεία)
878 1283 952 1320 man.
972 1282 1026 1321 reo.
1046 1267 1075 1321 in
1089 1266 1125 1333 P;

106 1337 284 1390 scribendum
304 1335 445 1391 abacistae
469 1338 512 1406 (ut
535 1337 657 1390 numeris
682 1336 872 1403 subveniatur,
896 1337 930 1391 cf.
956 1338 1041 1391 etiarn
1060 1338 1125 1392 Hes.

108 1407 272 1462 ‘nuvduesor
292 1406 456 1478 θεραπεία’)
475 1411 479 1478 Ι
495 1409 526 1463 τὸ
545 1412 617 1462 ίοιπ*
641 1413 689 1478 (sc.
708 1409 849 1478 -πΓονῚ)Ρ
867 1409 999 1463 τοίοιπὸν
1018 1409 1103 1462 plum
1120 1412 1123 1479 Ι

106 1477 247 1550 ἠρτείσθω
267 1482 350 1549 (aeut.
370 1498 406 1533 m.
425 1483 490 1550 reo.)
508 1480 539 1547 P,
559 1497 595 1533 or.
615 1479 649 1532 Pl
669 1482 673 1550 Ι
695 1479 729 1532 of.
751 1479 824 1534 Crat.
844 1479 877 1533 fr.
898 1487 922 1545 2,
938 1480 1008 1533 3W.
1028 1483 1037 1549 β

163 1586 165 1589 -
179 1557 193 1604 1
205 1568 264 1618 εηη.
279 1551 333 1604 ΡΙΜ
347 1551 365 1604 l.
376 1552 401 1604 Ι·
415 1557 464 1606 ο.9
480 1552 531 1621 (είς
544 1553 670 1624 ἀσεβεῖς),
687 1556 715 1617 1ς
729 1550 779 1603 PlE
794 1552 882 1618 Ie,1;
898 1568 940 1621 ep.
956 1550 1038 1605 affert
1051 1551 1126 1622 Aga-

106 1623 182 1676 thias
191 1622 265 1676 Hist.
275 1622 301 1674 II
311 1627 344 1675 31
356 1621 435 1687 ἔδοξέ
448 1643 490 1685 τις
504 1623 597 1677 αὐτῶν
612 1622 853 1692 (philosophorum
864 1623 1063 1689 Romanorum,
1078 1622 1127 1691 qui

106 1694 198 1748 Persis
214 1693 390 1763 Chosroeque
408 1694 515 1748 relictis
534 1695 563 1746 in
582 1694 705 1763 patriam
724 1694 865 1761 redibant)
886 1693 956 1761 ὁρᾶν
975 1690 1039 1747 κατ’
1056 1693 1126 1782 ὄναρ

108 1765 199 1833 άνθρα
218 1766 375 1836 πρεσβύτην
392 1797 424 1805 -
438 1775 635 1832 παραινοῦντα
649 1764 759 1819 τόδετὸ
779 1765 846 1827 έπος
862 1765 924 1835 (Μὴ
938 1769 968 1819 θ.
985 1796 1019 1805 -
1034 1762 1113 1835 dixer

108 1837 225 1905 ύνθρα’;
252 1840 345 1891 exstat
364 1854 406 1906 ep.
427 1836 513 1890 etiam
539 1837 568 1890 in
587 1836 669 1890 Laur.
689 1841 732 1904 91,
748 1842 763 1890 8
783 1837 827 1908 (P,
848 1837 867 1890 f.
882 1837 924 1907 οὓ)
943 1855 969 1890 n.
985 1842 1019 1890 42
1042 1836 1127 1905 (inter

107 1923 151 1978 ep.
179 1908 218 1961 lX
245 1914 296 1962 452
326 1911 445 1977 erasi)
546 1915 558 1960 1
588 1908 711 1961 indicem
741 1908 863 1962 auctoris
893 1925 946 1962 om.
975 1907 1124 1977 PPlAg.3

107 1980 249 2049 Agathiae
267 1979 323 2049 ipsi
348 1979 449 2034 tribuit
468 1978 637 2045 Sternbaoh,
657 1979 781 2032 alienum
799 1996 859 2034 esso
879 1980 914 2033 ab
933 1979 1058 2051 Agathia
1078 1980 1127 2033 de-

108 2055 278 2119 monstrant,
297 2051 405 2121 opinor,
425 2054 454 2105 et
472 2051 557 2105 verba
582 2051 645 2120 ipsa
663 2050 846 2119 narrationis,
873 2051 919 2104 cui
944 2052 1043 2106 inserti
1062 2053 1128 2104 sunt

107 2139 217 2190 versus,
244 2127 273 2178 et
298 2123 387 2176 forma
413 2122 569 2176 hexametri
593 2121 722 2187 alterius,
746 2122 825 2176 cuius
845 2123 963 2192 spondei
986 2125 1042 2176 tres
1062 2139 1127 2176 oon-

107 2194 212 2248 tinuati
227 2212 290 2248 oum
305 2195 421 2248 elisione
436 2191 549 2266 (dtxrv’)
564 2195 600 2249 ab
615 2197 676 2248 arte
690 2193 853 2263 Agathiana
868 2194 1042 2263 discrepant,
1057 2192 1127 2246 mihi

109 2268 207 2320 auctor
230 2267 442 2337 epigrammatis
465 2266 552 2320 fuisse
575 2266 651 2319 idem
669 2266 724 2318 vid.
749 2268 835 2334 atque
859 2265 974 2319 distichi
992 2264 1030 2317 IX
1048 2266 1124 2333 4831

108 2354 212 2409 lemma
226 2355 353 2424 ineptum
368 2355 410 2410 είσ
423 2356 473 2410 τὸν
483 2352 645 2423 φθείραντα
656 2346 716 2423 (νύ
726 2355 788 2421 Plu,
804 2353 893 2423 φθήρ.
904 2355 949 2424 F,)
959 2353 1011 2423 τὴν
1026 2352 1127 2408 ἑαυτοῦ

109 2426 246 2496 μητρυιάν
274 2427 409 2480 exhibent
431 2427 521 2495 Plu-E,
549 2427 582 2497 F,
613 2427 673 2495 (qui
700 2425 816 2481 titulum
845 2425 884 2488 είς
911 2426 1019 2496 ἀσεβεῖς
1046 2441 1127 2493 prae-

108 2498 207 2567 mittit)
224 2501 227 2568 1
249 2502 450 2567 μητροφθορον
464 2499 515 2565 A*;
535 2498 636 2551 Persae
655 2498 706 2564 illi,
726 2514 844 2564 quorum
862 2497 986 2550 moribus
1005 2512 1057 2550 neo
1075 2496 1128 2549 filii

109 2570 262 2639 matrisque
282 2569 444 2638 coniugium
463 2569 568 2623 infame
587 2585 639 2622 neo
657 2569 836 2623 inhumatum
854 2586 955 2638 oorpus
974 2567 1041 2621 feris
1056 2567 1128 2621 dila-

109 2641 245 2694 niandum
264 2640 389 2710 proicere
407 2641 487 2694 nefas
506 2641 687 2694 aestimatum
706 2640 751 2706 sit,
770 2640 975 2711 epigrammate
993 2639 1127 2708 perstrin-

110 2716 214 2782 guntur
232 2713 282 2779 ita,
300 2715 333 2765 ut
350 2713 579 2782 praetermissam
597 2711 790 2766 humationem
805 2728 868 2764 oum
882 2711 1004 2765 admisso
1019 2711 1127 2764 incestu

109 2783 181 2837 bene
207 2801 360 2855 congruere
386 2784 601 2848 demonstretur,
627 2783 661 2837 of.
682 2784 733 2853 Ag.
752 2782 824 2837 Hist.
845 2783 871 2835 Π
889 2789 922 2835 22
946 2782 977 2836 τὸ
997 2791 1074 2851 σῶμα
1093 2813 1128 2822 -

111 2854 212 2925 ἔρημόν
230 2876 260 2911 τε
283 2857 332 2910 καί
355 2855 517 2911 άκάίνπτον
536 2854 608 2909 κατὰ
631 2855 681 2909 τὸν
700 2855 820 2922 πάτριον
840 2853 939 2909 ἔθεντο
958 2850 1046 2922 νόμον
1065 2850 1128 2908 κυσί

109 2946 138 2980 τε
156 2926 213 2995 άμα
233 2928 354 2982 καὶτῶν
374 2925 479 2995 ὀρνέων
497 2935 556 2989 τοῖς
575 2923 626 2980 ὅσα
651 2927 739 2995 μιαρὰ
758 2926 806 2980 καί
825 2923 981 2996 νεκροβόρα
999 2922 1128 2991 παρανά-

110 3001 186 3068 λωμα
205 2997 399 3069 γενησόμενον,
419 3004 453 3051 23
471 2997 549 3069 θήκῃ
567 2997 620 3067 γάρ
639 3018 695 3051 τινι
713 2995 730 3066 ἣ
750 2996 869 3065 λάρνακι
887 2997 953 3057 τοὺς
971 2999 1130 3056 τεθνεῶτας

111 3067 128 3138 ἢ
148 3071 196 3124 καί
214 3079 247 3141 τῇ
267 3078 301 3141 γῇ
321 3070 534 3138 καταχωννύναι
553 3067 651 3138 ἥκιστα
670 3068 754 3139 θέμις
772 3069 880 3132 αύτοῖς,
910 3074 944 3121 24
963 3063 1129 3121 άκοίασταί-

111 3159 208 3197 νουσιν
223 3143 257 3196 ού
272 3139 358 3210 μόνον
373 3143 511 3209 ἀδελφαῖς
524 3160 552 3194 τε
572 3142 620 3195 καί
639 3142 805 3209 ἀθείφιθαῖς
823 3138 929 3207 ἀνέδην
944 3137 1128 3208 μειγνύμενοι,

111 3213 180 3267 ἀλλὰ
203 3210 320 3281 πατέρες
342 3232 371 3266 τε
393 3210 554 3282 θυγατράσι
578 3213 675 3266 καὶτὸ
700 3211 734 3281 δὴ
759 3211 874 3266 πάντων
893 3210 1087 3275 άνοσιάτερον,
1108 3203 1129 3261 ὦ

111 3283 192 3355 νύμοι
210 3303 240 3338 τε
259 3285 308 3338 καί
332 3284 428 3352 φύσις,
452 3282 511 3337 νίοί
529 3292 591 3345 ταῖς
613 3283 771 3349 τεκούσαις,
796 3288 828 3335 31
849 3281 876 3336 οἱ
896 3281 1003 3348 Πέρσαι
1026 3277 1130 3346 ποινὴν

112 3357 204 3426 έχουσι
224 3356 272 3408 καί
290 3352 426 3423 τιμωρίαν
445 3361 495 3423 τῆς
514 3353 560 3409 έπί
578 3364 639 3417 ταῖς
658 3353 793 3423 μητράσιν
808 3350 959 3415 ἀκολασίας
972 3351 1003 3405 τὸ
1018 3350 1130 3417 άταφον

111 3427 205 3498 μένειν
224 3427 273 3480 καί
291 3426 346 3480 ὑπὸ
365 3435 420 3479 τῶν
439 3433 532 3479 κυνῶν
552 3424 669 3488 ἐνδίκως
692 3424 965 3492 ὃιασπαράττεσθαι;
994 3421 1028 3475 of.
1049 3420 1129 3490 Diog.

112 3500 141 3553 L.
161 3514 283 3568 prooem.
304 3502 318 3550 7
340 3495 455 3550 ἀνόσιον
480 3495 612 3565 ἡγεῖσθαι
637 3497 705 3565 πνρί
728 3495 852 3550 θάπτειν
875 3496 924 3549 καί
948 3491 1025 3548 ὅσιον
1048 3491 1129 3561 μητρί

112 3569 128 3640 ἢ
147 3570 271 3638 θυγατρί
289 3566 466 3641 μείγνυσθαι,
487 3567 523 3631 ὡς
541 3568 572 3625 ἐν
590 3572 629 3645 τῷ
643 3566 750 3643 θειιάτιμ
769 3565 852 3641 τρίτῳ
872 3566 958 3636 φησίν
974 3563 988 3619 ὁ
1004 3561 1130 3629 Σωτίων,
