2414 3856
129 163 194 227 418
454 160 540 215 Anth.
555 159 736 229 Cephalanae
753 159 772 213 l.
786 158 826 212 IV

40 358 129 414 Pras
471 362 531 411 τεο.
564 335 810 410 remuneror.
1122 357 1158 411 a·

443 465 495 526 Εἰς
512 462 657 535 πρόβατον
673 464 677 535 Ι
693 462 830 531 τριτάιιον.
1122 464 1157 518 A*

135 580 199 660 Τῆς
222 579 291 653 ὄιος
314 575 410 658 γενεὴ
433 570 496 656 μὲν
514 572 693 659 Ἀναρρική
717 570 832 660 (ἐγγὺς
851 570 998 659 Ἀράξεω

173 682 266 765 ὕδωρ
289 683 488 767 πιλοφόροις
510 684 641 745 πίνεται
660 676 870 766 Ἀρμενίοις),

164 877 192 927 p.
204 864 266 926 417,
277 863 292 911 6
308 855 323 910 d
337 857 459 925 θρασύςε
475 875 498 910 v.
509 853 535 908 V
545 860 633 919 299‚1
704 859 718 907 7
730 853 745 908 ὁ
762 854 924 924 ψεύστης-
936 856 1060 923 nepotc:
1076 856 1111 911 cf.
1120 856 1156 910 IX

130 935 215 997 289,3
229 928 336 996 πυρσὸς
351 926 396 983 ὅτε
411 927 532 996 ψεύστης
545 923 666 998 χθονίης
679 926 876 995 ύνοφερύτερα
891 927 995 988 νυκτὸς
1010 922 1064 994 ἧκε
1084 927 1154 994 σέλα,

130 1000 255 1069 Propert.
271 1000 297 1053 V
312 1004 400 1063 1,115
421 997 572 1067 ‘Nauplius
586 997 692 1051 ultores
711 997 763 1050 sub
782 999 893 1050 noctem
912 998 1036 1069 porrigit
1055 999 1155 1070 ignes’,

130 1071 267 1140 Lycophr.
295 1076 346 1124 385
375 1068 465 1139 (ὅταν)
493 1073 640 1139 λαμπτῆρα
668 1066 759 1140 φαίνῃ
786 1068 836 1122 τὸν
864 1068 1025 1139 ποδηγέτην
1056 1070 1155 1126 σκότου

131 1141 225 1211 σίντης
249 1144 253 1211 Ι
281 1138 312 1197 d'
332 1142 403 1210 ὑπερ
422 1141 510 1194 νύκτα
528 1138 551 1192 Ρ
578 1140 634 1194 ὑπὸ
653 1160 677 1193 ν.
698 1139 782 1193 Salm.
805 1139 879 1209 (‘sub
898 1142 1012 1195 noctem
1032 1141 1070 1196 de
1088 1159 1156 1212 rupe

131 1212 217 1282 Caph.
238 1215 370 1282 protenta
388 1212 484 1266 taeda'
505 1210 632 1281 Reiske);
652 1211 740 1266 νύκτα
759 1206 789 1264 d'
809 1208 880 1276 ύπερ
902 1211 1024 1280 ψεύστης
1043 1212 1060 1267 d
1078 1217 1154 1282 Καφ.

130 1284 252 1338 tentavit
271 1283 423 1337 infeliciter
438 1282 517 1336 Gcist
537 1284 541 1351 Ι
562 1280 718 1352 ταψηρείησ
736 1281 771 1348 Ρ;
791 1281 925 1336 adiectivi
943 1282 1037 1338 forma
1051 1284 1154 1354 Καφή-

132 1376 206 1423 ρειος
232 1355 315 1409 aliter
339 1372 407 1408 usus
434 1357 477 1408 est
495 1353 591 1422 Eurip.
610 1353 712 1408 Troad.
733 1358 767 1406 90
785 1351 947 1422 Καφήρειοί
964 1351 991 1408 τ’
1013 1354 1102 1424 άκραι

131 1434 146 1480 8
162 1428 302 1495 δύσμοροσ
315 1426 362 1479 Pl’o
381 1445 482 1495 -μορου
497 1425 602 1494 (potius
617 1442 702 1494 quam
716 1427 820 1494 -μοροιΙ
835 1423 889 1491 Ρω,
909 1426 1055 1494 δύσμορον
1069 1426 1154 1482 Salm.

132 1497 273 1568 δυσμόρου
287 1497 332 1551 Br.
348 1500 410 1567 (nec
428 1499 555 1566 praestat
575 1495 717 1569 ὃυσμόρῳ;
736 1498 788 1549 oet.
804 1495 838 1548 cf.
859 1497 1005 1565 δυσμενεῖς
1024 1517 1155 1566 φρυκτω-

130 1568 190 1638 ρίαι
203 1570 340 1638 Lycophr.
357 1574 435 1635 1096,
456 1568 542 1621 ‘faces
562 1568 726 1621 sceleratae'
742 1567 815 1636 Hyg.
830 1565 887 1621 fab.
903 1570 966 1636 249)
988 1570 992 1637 Ι
1013 1567 1083 1623 Post
1103 1575 1154 1623 429

130 1642 233 1696 iterum
259 1658 309 1694 sor.
329 1640 346 1694 J
365 1641 480 1694 Duridis
498 1656 541 1709 ep.
562 1644 623 1705 424,
649 1641 795 1692 exaratum
819 1637 877 1690 iam
896 1637 926 1691 in
948 1639 1020 1707 ipsis
1039 1641 1156 1712 paginis

129 1712 364 1783 praecedentibus
384 1717 435 1765 430
455 1714 484 1765 et
501 1716 552 1764 431
573 1712 582 1779 Ι

205 1809 290 1869 lsqq.
311 1817 354 1870 ep.
374 1803 521 1868 tamquam
540 1800 725 1868 depravatum
750 1798 855 1867 partim
880 1815 932 1852 nec
958 1797 1046 1853 facile
1071 1801 1155 1856 intel-

130 1872 207 1927 lectu
226 1889 279 1926 om.
300 1872 393 1935 Plan,
413 1874 505 1925 exstat
524 1871 554 1923 in
573 1887 617 1939 ap.
637 1870 707 1923 Buh.
727 1889 753 1939 p.
775 1875 827 1923 184
845 1872 910 1938 post
928 1869 965 1922 IX
986 1874 1053 1939 2823
1082 1873 1155 1928 Rub.

132 1979 204 2034 Criu.
217 1984 251 2033 36
324 1985 340 2031 2
361 1994 402 2031 sto
420 1961 529 2048 προβαί
549 1974 657 2043 τρίτοιιθ
676 1977 722 2044 Α*,
746 1975 948 2045 retrosuadae.
970 1979 974 2046 Ι
996 1977 1032 2031 cf.
1053 1995 1099 2049 ep.
1117 1980 1156 2034 lx
1181 2034 1183 2039 ,

132 2057 184 2104 224
209 2050 284 2104 inter
310 2067 334 2103 a.
355 2055 388 2101 22
413 2051 442 2102 et
461 2054 494 2101 19
521 2048 707 2117 compositum
733 2048 768 2102 de
794 2047 917 2116 capella,
936 2049 1101 2118 Augustum
1126 2052 1157 2105 in

131 2122 229 2175 Asiam
254 2120 478 2190 proficiscentem
497 2120 662 2188 comitante3
689 2135 732 2188 ep.
752 2119 790 2172 ad
808 2119 915 2172 Tiberii
940 2119 970 2173 in
989 2121 1156 2177 Armeniam

132 2209 205 2246 anno
221 2198 255 2245 20
270 2208 294 2246 a.
306 2191 368 2246 Chr.
384 2194 543 2260 susceptam
558 2191 766 2260 expeditionem
780 2190 957 2244 referendum
971 2207 1034 2246 esse
1048 2196 1157 2248 temero

132 2264 282 2332 suspiceris
302 2262 421 2316 conlatis
441 2279 483 2331 ep.
499 2262 564 2314 XVI
578 2267 609 2315 61
629 2258 717 2333 (uldra
729 2259 843 2331 Ἀράξης
860 2262 910 2316 καί
924 2259 1023 2330 Ῥῆνος
1041 2266 1158 2327 δούλοις

133 2335 230 2390 ἔθνεσι
240 2333 396 2403 πινύμενοι,
406 2337 432 2404 6)
443 2336 472 2387 et
481 2334 519 2386 IX
529 2339 581 2387 430
592 2331 717 2403 (Ἀράξεω
727 2331 804 2401 ύδωρ
813 2353 842 2387 π.
853 2330 966 2387 πίνεται
972 2329 1138 2408 Ἀρμενίοις)
1149 2339 1157 2406 Ι

132 2405 259 2459 lemmati
273 2405 310 2459 ab
319 2405 358 2459 A*
372 2405 476 2474 scripto
492 2406 556 2458 add.
568 2404 600 2459 C:
616 2405 688 2458 κΓαίῚ
704 2413 756 2459 νύν
771 2405 824 2458 stol
837 2406 961 2458 rorate-²
976 2408 1046 2476 Ι-τα)
1063 2409 1067 2476 Ι
1085 2427 1154 2476 προ-

132 2480 204 2549 para
224 2477 276 2531 ούκ
293 2478 323 2532 ἐν
337 2475 465 2546 αρΙμενία
480 2475 567 2546 μόνον
582 2475 651 2530 ἀλλὰ
666 2479 670 2545 Ι
685 2475 697 2530 t
716 2476 810 2545 (sealt)
825 2475 855 2529 ἐν
870 2473 989 2530 σκυθίαι
1000 2505 1036 2520 ω
1053 2479 1058 2545 Ι
1075 2492 1155 2533 ovem

133 2547 310 2618 aCrinagora
317 2549 485 2616 descriptam
496 2547 621 2617 proxime
631 2548 764 2601 accedere
774 2547 812 2600 ad
820 2547 1008 2600 musimonum
1016 2550 1155 2620 (μονομά-

132 2623 200 2690 νων)
235 2636 302 2673 enus
317 2620 427 2673 monuit
440 2619 521 2672 Belin
536 2620 571 2673 de
581 2619 665 2672 Ballu
678 2617 855 2685 afferuntque
869 2618 931 2671 edd.
947 2622 1071 2687 (praeter
1081 2621 1155 2676 Plin.

132 2709 158 2744 n.
169 2691 196 2745 h.
275 2693 320 2759 49)
331 2690 421 2745 Strab.
432 2695 484 2743 225
495 2690 530 2760 (V
537 2694 594 2760 2,7Ι
605 2690 640 2744 de
650 2689 785 2743 arietibus
796 2689 901 2756 Sardis,
912 2688 983 2758 Opp.
990 2688 1057 2758 Cyn.
1067 2698 1095 2759 2,
1103 2698 1153 2746 377

133 2763 168 2815 de
182 2761 280 2816 ovibus
290 2761 433 2830 Gortyniis
490 2767 506 2814 3
521 2763 618 2815 deesse
632 2777 675 2830 ep.
690 2761 802 2814 initium
818 2761 922 2814 iniuria
937 2761 1039 2816 statuit
1053 2761 1155 2818 Salm.:

133 2833 168 2886 of.
187 2833 322 2899 Rabona,
349 2835 398 2901 qui
418 2832 580 2887 ‘articulum
602 2833 639 2885 ad
663 2832 778 2885 titulum
801 2832 845 2886 vel
871 2832 983 2901 signum
1009 2835 1154 2900 quoddam

132 2905 273 2959 revocari'
289 2908 384 2974 putat3
399 2902 434 2972 ἢν
449 2902 464 2973 Ι
471 2907 544 2974 ecce)
560 2903 620 2965 ὄιος
632 2903 712 2972 γενεὴ
728 2921 748 2957 s.
763 2901 852 2972 ἠνίᾶ’,
868 2903 910 2964 dre
924 2903 1023 2973 γενεὴν
1039 2904 1158 2973 Sitnlem

132 2976 240 3031 tentavi
253 2973 313 3044 τῆλ’
330 2980 390 3045 (pro
404 2979 463 3045 τῆς)
479 2978 483 3044 Ι
500 2974 592 3029 όϊοσΡ
609 2977 613 3044 Ι
630 2974 709 3044 γενεὴ
725 2991 761 3029 cr.
777 2989 811 3027 ex
825 2974 929 3043 γενεήῖ
942 2991 980 3027 an
990 2991 1024 3028 ex
1034 2983 1081 3044 -εῆ
1091 2984 1104 3032 ?
1114 2977 1152 3047 ΡΙ

133 3047 272 3118 depoposci]
282 3048 316 3101 P:
332 3049 367 3101 de
382 3048 435 3101 hac
449 3047 563 3116 regione
572 3065 596 3099 v.
611 3046 750 3115 imprimis
760 3062 834 3113 quae
843 3045 960 3114 Kiepert
969 3046 1060 3112 docet,
1077 3049 1156 3117 apud

133 3120 254 3174 Rubens.
270 3137 297 3187 p.
310 3125 360 3172 123
378 3121 382 3188 Ι
400 3118 481 3174 ἐντὸσ
499 3117 613 3185 άράξεο·
629 3117 664 3183 Ρς
685 3117 757 3172 ἔνθα
772 3115 799 3170 δ’
813 3114 927 3186 Ἀράξεω
942 3116 1067 3183 Pierson,
1084 3116 1151 3174 ἔνθ’

134 3188 184 3245 ὅθ’
197 3187 250 3257 Ἀρ.
271 3206 315 3259 ap.
332 3190 363 3244 G.
378 3191 441 3254 lem,
462 3189 535 3244 ἔνθα
553 3185 579 3242 τ’
601 3188 762 3255 Schneider,
782 3188 866 3242 ἔνθεν
886 3187 997 3255 Belalis,
1018 3184 1051 3243 ού
1072 3191 1104 3259 (s.
1124 3183 1157 3263 ᾗ)

132 3261 164 3315 τό
184 3258 211 3331 γ’
232 3261 291 3314 Jac.
318 3253 346 3332 (ᾖ
364 3262 395 3315 τὸ
414 3258 464 3328 Ἀρ.
484 3259 595 3330 Beck),
623 3255 656 3313 ού
682 3257 744 3329 μέγ’
764 3258 903 3325 Piccolos3
932 3259 968 3313 ad
994 3259 1155 3315 tollendum

133 3350 207 3387 nom.
221 3332 367 3401 proprium
377 3330 430 3402 Ἀρ.
445 3347 615 3401 proposuere
630 3329 720 3386 Geist:
740 3330 833 3401 γενεή,
853 3328 893 3383 ἵν’
910 3329 1053 3400 ἀγαρρόου
1074 3333 1155 3396 ἐντὸς

131 3400 182 3472 Ἀρ
203 3406 232 3458 et
250 3403 330 3474 γενεὴ
350 3401 408 3472 μέν,
429 3400 467 3456 ἵν’
489 3402 657 3472 ἀψριύεντος
673 3400 740 3470 Ἀρ,
759 3401 842 3454 Ellis:
867 3402 947 3472 γενεὴ
966 3402 1015 3469 μὲν
1035 3403 1154 3472 ἀναρρι-

134 3474 247 3537 κύεντος
272 3475 440 3544 (‘agaricum
464 3474 544 3545 large
562 3474 704 3545 gignens’)
721 3471 788 3541 Ἀρ.;
815 3473 915 3541 scripsi
933 3473 1014 3542 ἐγγύς
1033 3475 1082 3542 (sc.
1103 3482 1160 3544 γῆς

125 3544 302 3617 λγαρρικῆςς
324 3545 408 3602 verba
426 3547 506 3600 uncis
525 3546 619 3600 cincta
636 3543 813 3614 parenthesis
831 3544 893 3598 loco
913 3543 1011 3596 addita
1030 3547 1158 3600 suntad
