2414 3856
133 113 198 179 546
455 112 539 166 Anth.
560 111 740 182 Cephalanae
757 113 776 168 l.
790 113 830 168 IV

132 279 209 344 οὔτε
232 278 269 343 σὲ
293 277 355 363 γάρ
380 279 544 362 λείψουσι,
571 279 753 362 Φιλωνίδη,
778 278 854 343 οὔτε
878 279 1075 363 Βάθυλλον,

176 386 235 450 τὸν
257 380 319 466 μὲν
342 383 498 468 άοιδάων,
522 385 581 449 τὸν
604 380 640 449 δὲ
664 395 770 470 χερῶν
792 385 932 471 χάριτες.

132 560 286 630 Pyladeam
306 564 391 628 atque
411 560 448 614 ad
465 558 645 628 Bathylleam
668 559 850 615 saltationem
868 561 981 615 videtur
1000 579 1092 633 genus
1112 581 1154 618 ca

133 633 219 687 nendi
244 632 486 687 accommodatum
512 631 612 696 fuisse:
639 630 675 684 ab
702 634 762 686 arte
787 631 921 700 Pyladea,
948 634 1058 704 quippe
1084 652 1154 704 qnae

133 705 259 775 ὀγκώδης
276 701 423 772 παθητική
440 721 469 756 τε
489 702 585 772 (Plut,
605 703 706 757 Athen.
727 702 745 757 Ι.
766 705 800 774 ο.)
826 704 969 774 gravmres
994 706 1097 761 modos
1115 723 1154 761 re·

133 776 269 844 quireret,
289 775 367 830 chori
387 777 486 828 cantus
504 774 620 828 minime
640 774 823 840 abhorrebat,
842 777 873 829 at
891 775 1020 844 Bathylli
1039 777 1154 833 saltatio

132 847 208 915 πεζή,
224 845 378 916 ἱλαρωτέρα
392 845 501 899 nullam
511 846 565 899 vid.
577 846 717 901 cantionis
732 846 879 900 admisisse
889 847 1014 931 speciem
1024 849 1082 902 nisi
1093 865 1154 904 oan-

133 919 203 973 toris
222 918 382 988 singularis,
401 920 434 971 ut
453 918 572 972 eundem
587 916 767 971 Philonidam
782 920 811 972 et
827 919 988 973 condidisse
1007 920 1110 976 mimos
1128 924 1155 976 et

133 993 261 1044 cantasse
273 988 491 1044 existimandum
506 988 544 1042 sit
594 1006 621 1058 p.
631 994 716 1055 ttae
727 990 776 1042 καλ
785 986 943 1059 τέτταρσιΡ
957 991 1007 1045 καλ
1016 990 1154 1061 τετύρεσσι

132 1061 235 1115 Reiske
250 1062 298 1114 καλ
311 1059 441 1129 τέσσαρσι
451 1059 523 1113 Rub.
536 1062 539 1128 λ
552 1058 790 1132 δ,ι,απλασθέντα
806 1062 869 1129 (dol
879 1061 928 1132 δ”)
938 1064 1119 1129 προσύποισ·
1132 1063 1153 1117 Ρ

170 1139 185 1188 5
205 1134 306 1202 μύθων
325 1131 347 1184 Ρ
366 1136 461 1202 μῦθον
481 1132 513 1185 R.
536 1133 540 1200 Ι
560 1132 667 1185 τούτων
685 1131 708 1185 Ρ
725 1140 826 1186 τοῦτον
840 1131 947 1186 Porson
967 1135 972 1202 Ι
994 1134 1096 1205 γράψα
1114 1134 1154 1189 ἔνι

132 1206 168 1271 Ρ,
195 1203 305 1274 γράψαι
325 1203 364 1259 ἔτι
382 1201 486 1257 Reiske
512 1205 555 1272 (ut
572 1202 727 1256 infinitivus
747 1201 784 1257 ab
801 1202 917 1272 θάρσει,
941 1209 1038 1275 μύθων
1059 1207 1095 1261 ab
1113 1207 1153 1260 in·

132 1277 240 1330 finitive
259 1275 401 1344 pendeat),
421 1273 533 1344 γράψον
554 1274 593 1329 ἔτι
612 1275 670 1341 Ba,
690 1274 803 1344 γράψον
825 1275 868 1330 ἐνὶ
885 1278 930 1330 πλ.
950 1276 1076 1333 Rubens.
1097 1277 1153 1349 (qui

134 1347 243 1418 γράψαι
261 1347 368 1400 refutat
386 1349 502 1415 propter
521 1346 724 1415 correptionem
742 1346 924 1414 trochaicam,
943 1364 1030 1414 quam
1050 1348 1153 1404 aOrin.

133 1419 291 1472 adhibitam
310 1419 394 1487 putat
412 1417 442 1470 in
460 1417 601 1487 prioribus
621 1417 678 1470 suis
698 1417 924 1486 epigrammatis,
943 1418 973 1471 in
992 1421 1153 1490 posteriori·

132 1491 185 1545 bus
210 1506 266 1543 non
292 1489 372 1543 item:
400 1489 434 1543 cf.
454 1508 480 1558 p.
500 1495 533 1542 41
545 1505 620 1557 sqq.;
645 1489 885 1558 praepositionem
911 1488 953 1544 ἐνί
978 1491 1016 1544 ad
1042 1491 1153 1562 γράψον

132 1561 309 1617 referendam
328 1560 407 1614 ducit
426 1559 548 1627 Sternb.,
567 1561 716 1615 traiectam
736 1577 799 1613 oum
822 1559 1038 1617 διαπλασθέντα
1062 1563 1155 1634 iungit

133 1633 270 1701 Rubens.;
290 1648 343 1703 ego
362 1632 430 1686 olim
449 1632 483 1685 ci.
502 1632 606 1700 θάρσει
625 1633 679 1701 κήν
697 1629 824 1699 τέτταρσι
838 1664 873 1672 -
887 1633 931 1688 as
948 1635 1019 1702 πλ.);
1038 1633 1098 1689 Jac.
1113 1651 1153 1690 ra·

133 1707 216 1774 cepta
230 1704 346 1758 coniect.
358 1703 537 1757 Brunckiana
551 1703 741 1757 accusativum
756 1706 850 1772 μῦθον
865 1721 929 1758 cum
943 1703 1059 1775 γράψον
1073 1705 1152 1777 iungi

132 1792 233 1846 posse
259 1775 381 1841 monuit,
407 1778 504 1829 tamen
529 1792 630 1829 nomen
656 1774 692 1828 ab
718 1773 821 1843 θάρσει
846 1775 969 1844 pendere
989 1793 1077 1844 quam
1102 1778 1153 1832 hoc

133 1847 250 1902 verbum
265 1846 395 1900 absolute
409 1846 533 1916 positum
552 1863 612 1900 esse
625 1846 752 1900 malebat
770 1846 919 1915 (offertque
933 1847 1007 1901 Rub.
1021 1852 1046 1902 θ
1062 1854 1111 1902 191
1127 1850 1154 1902 et

133 1920 171 1973 IX
181 1925 214 1972 λλ
219 1925 243 1984 6,
254 1922 293 1988 6);
309 1918 408 1987 scripsi
423 1917 533 1988 γράψαι
548 1917 590 1972 ίνι
604 1917 695 1986 (licet
708 1918 851 1986 scribere’,
867 1917 901 1972 cf.
916 1918 958 1974 ἔνι
972 1916 1065 1989 λέγειν
1074 1919 1151 1974 Dem.

135 1997 175 2056 19,
185 1993 224 2060 6);
239 1990 347 2043 tentavi
361 1992 508 2058 praeterea
517 1988 626 2057 θάρσει,
641 1989 685 2043 uel
693 1987 819 2057 steropas
831 2022 863 2029 -
874 1988 988 2059 γράψας
1002 1991 1046 2046 ἐνὶ
1059 1995 1104 2046 πλ.
1115 1994 1154 2061 (at

133 2079 261 2132 perverse
275 2077 423 2130 reponeres
434 2059 531 2130 γράψα
544 2055 600 2114 τιν’
614 2060 644 2114 ἐν
653 2063 697 2114 πλ.
708 2064 759 2115 aut
771 2059 863 2131 γράψε
877 2080 919 2122 τις
934 2060 964 2115 ἐν
974 2065 1030 2128 πλ,
1044 2066 1079 2117 ut
1091 2081 1153 2134 pro-

134 2135 226 2203 prium
235 2150 336 2186 munus
346 2136 419 2186 esset
430 2132 559 2196 cantoris,
570 2132 714 2201 proprium
725 2131 877 2185 conditoris
887 2131 1011 2199 fabulae,
1022 2134 1082 2189 sive
1091 2152 1153 2190 eum

134 2203 1153 2275 ipsumtuisseCrinagoramsiveauctoremignarnmaestimares){exem-

134 2277 213 2346 plum
226 2276 306 2329 mimi
320 2276 542 2344 πολυπροσώπου
557 2274 657 2328 comici
673 2273 755 2328 affert
769 2273 882 2328 Lucian.
895 2275 929 2328 de
945 2275 1009 2330 salt.
1021 2282 1056 2330 63
1071 2277 1155 2340 αὐτὸς

135 2344 183 2417 ἐφ’
200 2347 301 2402 ἑαυτοῦ
321 2347 463 2417 ὠρχήσατο
482 2346 533 2415 τὴν
547 2342 710 2414 Ἀφροδίτης
728 2346 776 2399 καὶ
789 2342 890 2413 Ἄρεως
903 2343 1043 2416 μοιχείαν,
1057 2344 1153 2402 Ἥλιον

134 2415 1154 2558 ίλίλὲἔίλίῖίῗίύλίλῖἶὲίλίῇύλ”ἷλιῑλίζἔέίλῖφλὲῗύῖἔίὶίλ

136 2563 166 2618 δὲ
183 2563 231 2615 καλ
246 2560 404 2616 ἱκετεύοντα
415 2561 464 2615 τὸν
474 2558 547 2630 Ἄρη,
556 2579 581 2613 v.
593 2560 679 2614 etiam
689 2560 754 2612 Luc.
767 2559 802 2614 de
812 2560 874 2613 salt.
886 2565 932 2615 66:
948 2559 1019 2615 ίδύν
1030 2564 1078 2632 (sc.
1089 2561 1154 2633 βάρ·

136 2637 223 2704 βαρος
232 2632 314 2702 ἀνὴρ)
325 2631 407 2687 πέντε
417 2641 580 2700 προσωπεῖα
590 2636 628 2704 τῷ
635 2631 753 2701 ὀρχηστῇ
763 2628 1012 2700 παρεσκευασμένα
1023 2665 1058 2674 -
1070 2633 1154 2701 ἐζήτει

137 2705 186 2760 ἕνα
206 2703 279 2772 δρῶν
293 2704 342 2758 τὸν
358 2703 494 2773 ὀρχηστὴν
513 2701 586 2764 τίνες
605 2702 632 2756 οἱ
652 2699 833 2773 ὀρχησόμενοι
852 2703 901 2756 καλ
916 2702 1154 2775 ὑποκρινούμενοι

135 2775 169 2830 cd
188 2774 272 2829 λοιπά
298 2783 460 2843 προσωπεῖα
488 2770 553 2840 εἷεν,
571 2773 644 2828 Plut.
665 2775 773 2843 quaest.
794 2790 870 2828 conv.
885 2773 937 2827 VH
951 2780 1008 2841 8,3
1028 2775 1080 2845 τὴν
1101 2781 1154 2830 Βα-

135 2848 269 2901 θύλλειαν
296 2844 432 2916 (ὄρχησιν)
455 2842 606 2916 -Ἠχοῦς
631 2844 649 2913 ἥ
675 2864 752 2908 τινος
777 2844 875 2909 Πανὸς
899 2842 917 2914 ἢ
943 2846 1078 2915 Σατύρου
1104 2848 1154 2901 σύν

131 2916 232 2986 Ἔρωτι
259 2917 434 2987 κωμάζοντος
459 2915 608 2986 ὑπόρχημά
632 2937 659 2971 τι
685 2914 898 2987 διατιθεμένην,
924 2917 959 2970 de
986 2921 1153 2988 argumento

136 2989 215 3042 mimi
234 2989 336 3058 tragici
355 3007 378 3042 v,
398 2988 462 3041 XVI
481 2993 532 3041 289

209 3085 222 3131 1
249 3076 380 3146 φιλωνίδι
408 3079 469 3147 (-λω
494 3094 530 3130 cr.
555 3093 589 3130 ex
612 3080 644 3130 λυ
654 3079 677 3145 l)
696 3076 731 3143 P;
762 3074 918 3131 Φιλωνίδου
945 3077 1065 3144 Reiske,
1093 3075 1153 3148 -ίδη

136 3150 241 3205 Porson
262 3152 266 3218 Ι
288 3150 436 3203 Βαθύλλου
456 3151 496 3218 (et
520 3149 550 3201 in
569 3165 649 3202 versu
668 3166 708 3217 sq.
728 3149 846 3218 τοῦμὲν
866 3180 899 3188 -
920 3156 970 3202 τοῦ
990 3149 1031 3219 δὲ)
1051 3150 1154 3204 Reiske

173 3228 188 3274 λ
207 3221 292 3292 χορὸν
310 3221 341 3287 P,
365 3229 456 3293 χορῶν
474 3219 579 3273 Porson
598 3219 784 3289 (Schneider),
807 3227 902 3290 χεροῖν
921 3219 1038 3287 Reiske,
1066 3230 1154 3293 χερῶν

136 3293 208 3359 λαως
229 3293 262 3346 cf.
283 3292 347 3345 XVI
366 3297 455 3359 aaut
475 3292 642 3359 παμφώνοις
659 3289 744 3361 χερσί,
764 3291 829 3344 Luc.
850 3297 883 3344 63
903 3291 938 3345 de
960 3291 1151 3361 ‘loquentibus

136 3364 304 3432 pantomimi
318 3363 469 3417 manibus':
485 3362 587 3428 ἀκούω,
603 3361 748 3430 ἄνθρωπε,
763 3361 781 3415 ἃ
795 3371 893 3428 ποιεῖς,
913 3363 964 3432 ούχ
979 3361 1035 3431 δρῶ
1054 3361 1152 3434 μόνον,

137 3435 206 3489 άλλά
224 3455 271 3505 μοι
291 3437 384 3496 δοκεῖς
408 3444 470 3496 ταῖς
487 3434 581 3504 χερσὶν
600 3434 700 3496 αὐταῖς
725 3437 826 3500 λαλεῖν,
847 3439 880 3487 78
900 3434 951 3488 υύκ
977 3433 1153 3503 ἀπήλλακται

136 3505 249 3578 δ’ρχησις
267 3508 314 3562 καὶ
334 3513 382 3575 τῆς
404 3503 559 3577 ἐναγωνίου
577 3501 766 3575 χειρονομίας,
785 3505 870 3559 Anth.
890 3505 920 3558 L.
940 3505 953 3558 l
973 3510 1033 3574 129,
1050 3513 1099 3559 111
1119 3506 1152 3560 R.
