2414 3856
133 113 198 178 558
264 113 349 168 Anth.
370 111 548 183 Cephalanae
566 112 585 168 l.
604 112 640 167 IV
661 111 835 183 (Planudeae
853 113 872 167 l.
892 115 905 167 I
926 132 949 169 c.
965 119 1022 181 56⁸)

133 286 198 342 νῦν
221 272 258 342 δὲ
282 279 324 341 σὺ
347 277 409 362 μὲν
433 277 533 361 ζώεις,
557 277 577 360 ἡ
601 274 633 342 δ’
659 276 782 344 οὐκέτι·
807 280 857 355 τίς
879 301 938 344 κεν
962 277 1082 344 ἐώλπει
1136 295 1150 342 ι

178 385 324 462 όψεσδαι
353 386 464 469 Τηνον
487 389 604 469 Δηλον
627 383 842 471 ἑρημοτίρηνς
1066 391 1151 447 llll*

74 665 87 695 0
485 617 544 667 sar.
572 591 799 668 ’sumoinon
1114 615 1152 667 A*

134 723 319 808 Καλχηδὼν
342 723 509 806 δύστηνον
532 721 673 809 ἐρωδιὸν
697 723 802 809 ἐχθρά
825 725 967 804 κολάζει·

104 856 115 894 s
179 839 236 896 τεῦ
260 829 358 914 χάριν
381 828 398 895 ὁ
422 831 587 914 προδότης
610 832 704 916 όρνις
727 828 778 896 cist
802 830 946 914 λέγεται,

136 975 347 983 ——--———-

135 1040 317 1112 μαρμάρινον
338 1039 421 1095 affert
439 1040 526 1109 sch.¹¹;
553 1041 588 1095 de
613 1040 747 1110 primitiis
771 1036 954 1096 sollemnibus
972 1041 1102 1110 Apollini
1120 1040 1151 1094 ab

134 1111 325 1239 ῗχρῖοχξοτείι
345 1112 381 1165 ad
407 1111 530 1166 insulam
550 1111 650 1165 Delum
675 1112 769 1166 missis
789 1112 823 1167 cf.
844 1112 948 1168 Herod.
967 1113 1007 1168 IV
1025 1119 1070 1178 33,
1089 1112 1152 1167 Gall.

209 1294 222 1343 1
243 1273 326 1359 ζόίίσ·
342 1289 364 1343 P
379 1291 515 1359 (σωκεῖςι)
571 1296 586 1343 2
601 1291 631 1342 in
649 1289 705 1344 fine
719 1307 757 1344 vs.
773 1291 848 1360 (post
866 1289 1036 1362 ἐρημοτίρην
1043 1294 1060 1362 ·)
1074 1291 1091 1344 J
1110 1291 1153 1344 ad-

135 1361 230 1431 pinxit
245 1362 333 1427 ‘fflzu'
349 1363 358 1430 ΙΙ
412 1367 499 1429 3sqq.
515 1376 557 1430 ep.
574 1378 628 1415 om.
643 1360 731 1428 Plan,
751 1363 844 1415 exstat
861 1362 892 1416 in
911 1379 955 1431 ap.
971 1363 1043 1418 Buh.
1063 1381 1091 1433 p.
1108 1366 1152 1417 198

135 1435 201 1503 post
216 1433 254 1485 IX
268 1438 320 1488 546
338 1435 342 1503 Ι
358 1449 400 1502 ep.
412 1433 547 1502 scriptum
561 1432 591 1486 in
607 1433 729 1499 ardeam,
744 1449 895 1502 quaecum
910 1434 1012 1488 ceteris
1026 1434 1154 1504 gentibus

137 1504 196 1559 avis
216 1503 311 1559 fausta
325 1503 467 1558 videretur
485 1504 552 1559 solis
567 1504 763 1558 Chalcedoniis
782 1504 887 1559 infesta
905 1506 1016 1560 exstitit
1035 1503 1154 1574 eoquod

137 1576 174 1630 ad
189 1576 363 1647 colligendas
379 1576 499 1631 conchas
518 1576 549 1630 in
567 1577 668 1646 stagno
686 1576 841 1630 consistens
859 1576 989 1631 hostibus
1007 1577 1108 1631 urbem
1121 1575 1154 1629 ad

137 1647 241 1701 fretum
266 1647 443 1702 adiacentem
469 1646 699 1716 oppugnantibus
726 1647 834 1702 aditum
861 1647 975 1702 facilem
999 1649 1154 1716 vadumque

137 1719 264 1788 pervium
290 1719 434 1784 indicavit,
459 1720 535 1772 unde
561 1719 624 1772 aliti
650 1717 686 1772 ab
706 1719 857 1789 oppidanis
882 1719 1038 1789 proditoris
1058 1735 1154 1774 nomen

137 1790 301 1859 impositum
328 1793 378 1845 est.
422 1790 560 1844 Heraeam
587 1790 709 1860 spectari
738 1791 962 1859 promuntorium
988 1789 1155 1846 chalcedoni

137 1861 289 1916 finitimum
314 1861 435 1916 docebat
452 1861 539 1916 Heck.
566 1861 685 1916 afferens
704 1861 901 1917 Demosthenis
927 1862 1047 1932 Bithyni
1065 1876 1155 1917 versus

139 1949 173 1986 ex
187 1933 420 2021 Bithl'niacorum
439 1932 519 2000 1.1v,
537 1933 570 1988 fr.
587 1939 602 1986 ὅ
618 1933 666 2003 (IV
681 1939 732 1987 385
748 1933 785 1987 M.
800 1934 844 1988 Fr.
859 1933 893 1988 Η.
909 1933 951 2000 (λ,
971 1934 1049 2004 apud
1065 1932 1155 2003 Steph.

138 2003 204 2072 Byz.
219 2023 244 2059 v.
263 2007 383 2074 Ηραια);
404 2004 459 2060 ἔστι
474 2002 507 2059 δέ
520 2025 562 2068 τις
575 2003 755 2073 προπάροιθε
771 2008 872 2074 κλοτης
884 2003 1071 2075 Χαλκηδόνος
1088 2005 1154 2071 άκρη

136 2072 240 2144 Ἡραία
265 2085 405 2146 τρηχοῦοα
430 2075 614 2137 πολοσπιλάς·
642 2075 742 2130 ἔνδοθι
768 2075 797 2130 δ’
818 2077 906 2146 αὐτῆς
929 2108 963 2117 -
988 2074 1156 2131 κοιλαίνεται

139 2145 203 2238 otho
229 2145 332 2237 κόλπος
357 2147 435 2240 ἁλός,
462 2145 550 2234 φαίης
574 2167 622 2202 κεν
642 2146 711 2237 ίδὼχ
730 2145 891 2219 βαθνδινία
917 2146 1011 2218 πάντη
1031 2147 1155 2218 ἔμμεναι·

141 2218 782 2359 tllllrlll‘lhllalllttillisllllhlf’
798 2217 1156 2359 stupco-rich

142 2363 172 2415 at
190 2363 223 2414 ut
248 2361 413 2416 inimicitias
432 2363 507 2416 inter
524 2365 673 2430 utramque
692 2361 835 2416 civitatem
854 2361 1004 2415 finitimam
1022 2378 1157 2416 nonnum·

141 2448 226 2500 quam
252 2433 442 2488 intercessisse
468 2435 587 2499 constat,
613 2432 654 2486 ita
680 2433 831 2502 Byzantios
857 2450 913 2487 uon
939 2450 1010 2503 opus
1036 2435 1098 2487 erat
1123 2431 1156 2484 ab

141 2504 233 2558 ardeis
248 2505 342 2558 doceri
358 2505 392 2560 de
407 2508 509 2559 natura
522 2504 645 2574 regionis
659 2506 719 2558 tam
732 2521 821 2574 prope
834 2503 952 2569 vicinae,
970 2505 1047 2558 unde
1065 2503 1157 2557 hostes

140 2575 685 2702 iiiiiltliaitfflititlnililuiiie
703 2573 1159 2702 mittietliiitiilffliff?

141 2717 298 2787 (κοκλάδων
313 2736 356 2788 ap.
368 2719 411 2790 Β.)
427 2722 431 2788 Ι
448 2668 586 2788 δόστνίνον
600 2720 719 2786 ἐρωδιον
734 2680 802 2789 ipio
817 2669 981 2782 ίιιίολάζειΗ
1010 2667 1158 2789 (κοχλίδων

142 2792 252 2844 etcum
272 2807 316 2859 ap.
338 2790 427 2861 Voss.)
451 2789 599 2862 κοχλιδίων
619 2823 652 2830 -
672 2790 762 2858 ίθρα
781 2811 805 2843 κ.
825 2805 953 2859 perverse
972 2788 1106 2843 Huschke
1125 2788 1158 2840 de

142 2862 290 2915 ardearum
305 2862 529 2932 concharumque
544 2813 737 2916 simultatihus
751 2878 866 2915 monens
876 2860 1041 2930 (othelian.
1053 2861 1087 2914 de
1101 2860 1157 2913 nat.

143 2950 186 2987 an.
206 2933 232 2986 X
250 2940 266 2986 5
287 2932 313 2988 οἱ
336 2932 445 3004 κοχλίαι
470 2933 562 2988 ίσαοιν
581 2930 656 2990 είναί
675 2950 754 3002 σφισι
772 2929 922 3002 πολεμίους
939 2933 1006 2994 τοὺς
1023 2929 1159 3000 πέρδικας

142 3005 191 3058 καί
216 3006 282 3067 τοὺς
307 3006 441 3073 ἐρωδιοὺς
465 3006 513 3060 καί
532 3006 635 3068 αὐτοὺς
659 3002 927 3071 ἀποδιδράσκουσιν,
946 2999 1010 3058 οὐδ’
1034 3000 1070 3056 διν
1090 3001 1160 3062 ίδοις

143 3077 215 3131 ἔνθα
236 3074 314 3131 οὗτοι
332 3075 464 3146 νέμονται
489 3074 603 3148 κοχλίας
621 3074 812 3144 διίρπονταςῂ
835 3073 943 3145 Κόλχος
960 3075 1011 3128 τὸν
1031 3074 1107 3128 δόστ.
1125 3102 1160 3114 -

143 3148 251 3219 ἐχθρὰ
275 3170 299 3203 κ.
322 3148 374 3201 ‘vir
393 3147 511 3202 Colchus
539 3149 575 3201 ad
603 3146 712 3201 inimici
739 3146 830 3200 instar
856 3146 886 3200 in
915 3145 1031 3199 ardeam
1059 3144 1157 3199 saevit'

143 3220 246 3275 Reiskc
272 3219 397 3293 (Κόλχων
415 3220 465 3275 τὸν
485 3221 509 3273 δ.
531 3252 563 3259 -
584 3219 674 3290 ἔχθρα
693 3217 808 3288 Boius),
827 3215 942 3288 Κόλχων
961 3217 1103 3286 δύστηνον
1120 3212 1160 3277 τίς

143 3292 181 3359 ἐρ.
208 3292 297 3364 ἔχθρα
323 3293 432 3358 κολάζει
457 3293 514 3361 (τεῦ
539 3310 568 3344 τε
593 3289 676 3360 χάριν
702 3290 894 3357 προδότης-
914 3286 1031 3358 λέγεται,
1060 3288 1160 3358 Φοῖβος

144 3362 201 3430 ἐρεῖ
224 3363 369 3418 ‘Phoebus
396 3363 536 3417 indicabit
559 3377 631 3430 quae
659 3361 827 3414 inimicitiae
851 3359 1019 3414 Colchorum
1047 3359 1160 3413 ardeam

142 3440 348 3503 persequantur
366 3440 396 3490 et
414 3435 492 3490 cuius
512 3433 553 3487 rei
572 3449 658 3489 causa
676 3431 827 3501 proditoris
847 3431 961 3485 nomine
980 3430 1160 3500 appelletur’)

140 3506 215 3578 λαις
236 3506 405 3582 (Ἀσπληδὼν
424 3506 573 3579 Philippeo
593 3504 828 3574 epigrammatum
847 3502 945 3557 ordine
968 3501 1089 3561 litterali
1107 3517 1161 3555 non
