2414 3856
116 161 162 216 IX.
188 161 273 216 Anah.
287 161 346 215 Pal.
364 178 427 231 epp.
444 161 663 217 demonstrativa
680 167 739 216 316.
768 163 822 233 (l'r.
838 162 896 218 Gor.
912 162 987 233 Mel.)
1024 163 1089 228 269

80 325 183 406 ἀμμες
206 324 294 409 ὅρων
317 324 462 408 φύλακες
485 323 594 389 δισσοὶ
617 328 704 408 θεοί,
728 318 776 390 ὧν
799 325 816 392 ὁ
839 322 901 408 μέν
918 324 1048 413 Ἑρμᾶς,

125 421 199 496 οἷον
222 430 302 516 δρής
323 429 370 514 μ’,
394 425 491 508 οὗτος
514 429 543 496 δ’
571 432 686 516 ἅτερος
704 431 892 518 Ἡρακλέης.

80 538 179 622 ἀμφω
203 533 264 619 μὲν
285 543 425 614 θνατοῖς
449 537 592 621 εὐάκοοι,
616 536 685 603 ἀλλ’
714 537 763 604 ὅδ’
790 538 948 626 ἀπούρας,
1074 557 1090 605 5

125 650 165 709 αὶ
182 665 251 720 πως
274 652 344 730 νῷν
366 650 521 730 παραθῇς
544 642 698 730 ἀχράδας,
722 644 915 731 έχκέκαφεν·

153 843 167 892 1
193 837 226 891 cf.
246 835 387 890 Leonidae
409 836 440 889 in
462 836 595 906 Priapum
618 838 702 892 verba
720 838 784 892 XVI
802 844 862 905 261,
883 846 896 893 1
921 839 1092 910 ἀμφοτέραις

78 906 149 979 παρ’
180 908 272 963 ὁδοῖσι
299 907 388 976 φύλαξ
416 906 517 977 ἕστηκα
535 907 677 978 Πρίηπος,
704 909 768 963 XVI
785 915 880 978 236,2
909 911 1090 984 λαχάνων-

80 981 207 1051 φύλακα,
225 980 255 1032 in
273 978 442 1032 Mercurium
459 979 524 1033 XVI
543 984 601 1045 190,
621 987 636 1033 2
656 977 792 1037 αίπολίων
811 981 960 1052 εὐδόκιμον
979 984 1092 1054 φύλακα

79 1053 119 1178 χοὶ
133 1066 206 1119 quae
220 1051 392 1120 praecedunt
405 1050 454 1105 τὸν
469 1049 621 1105 ἐπίσκοπον
632 1048 768 1176 ἘρμᾶνχΙ
785 1051 858 1121 δρῶν
867 1053 902 1123 Ρ,
922 1051 1012 1123 ὐρῶνὶ
1026 1054 1091 1109 Ple:

96 1132 154 1192 ρῶν
173 1125 220 1192 (an
235 1121 334 1189 ὐρῶνῖ)
349 1121 429 1174 Pl¹¹¹⁰
449 1118 520 1190 ὅρων
534 1122 616 1175 Pl¹¹¹³⁰
638 1121 722 1192 (δρῶν
758 1122 804 1176 1ῑῦ
814 1123 860 1177 Pl·
872 1124 902 1178 in
915 1127 945 1193 t,
961 1123 1032 1194 ὐρων
1046 1125 1092 1178 Pl·

78 1193 109 1248 in
128 1193 204 1263 epid.
223 1192 316 1263 Pl“·⁸);
335 1213 376 1263 χρ.
401 1189 473 1261 ὐρων
497 1190 514 1261 ἢ
538 1193 611 1261 δρῶν
630 1193 706 1248 sch.w
726 1196 731 1263 Ι
752 1198 875 1262 φυλακεσ
893 1198 984 1251 δισσοὶ
1001 1197 1036 1264 Ρ;
1056 1197 1090 1252 cf.

79 1265 163 1320 Leon.
184 1261 285 1357 πέτρης
303 1264 333 1318 ἐκ
352 1266 448 1333 δισσῆς
466 1269 527 1331 326,
547 1271 575 1332 1;
601 1265 696 1320 δισσδν
716 1265 781 1335 ὐρος
799 1271 859 1334 337,
879 1273 893 1321 1
967 1274 1033 1337 laq.
1053 1263 1093 1322 ὦν

80 1335 95 1391 δ
114 1337 165 1406 μέν
186 1367 219 1375 -
239 1355 320 1398 ουτος
337 1331 365 1388 δ’
387 1334 495 1403 ἀτεροςε
515 1334 549 1389 cf.
567 1336 708 1391 Leonidae
726 1337 764 1391 VI
779 1342 820 1404 13,
841 1343 865 1405 3,
884 1338 948 1392 XVI
962 1344 1013 1394 306
1032 1341 1092 1394 δισ-

80 1415 136 1462 σῶν
164 1403 193 1460 δ’
224 1404 381 1479 ἀρβυλίδων
408 1405 461 1460 τάν
483 1405 533 1476 μὲν
556 1405 623 1476 μίαν
643 1440 676 1447 -
695 1407 802 1475 ὤλεσεν,
830 1408 861 1462 ἐν
879 1407 908 1464 δ’
929 1409 1017 1484 ἑτέρᾳ,
1040 1415 1091 1464 307

79 1487 135 1533 τῶν
161 1477 193 1532 δέ
217 1474 354 1549 βλαυτίον
376 1476 407 1531 τδ
431 1478 481 1546 μέν
505 1478 647 1546 φυλάσσει,
675 1477 800 1547 θάτερον
823 1476 852 1533 δ’
878 1481 1026 1548 ἀπώλεσεν,
1054 1481 1092 1535 VI

80 1555 142 1616 286,
162 1555 178 1602 3
233 1555 249 1603 2
269 1548 337 1618 δρησ
355 1547 461 1601 PPuss
479 1548 547 1619 δρῇς
564 1548 668 1618 ΡὶιΜς
687 1548 721 1603 cf.
739 1549 852 1604 Theocr.
868 1557 911 1616 22,
931 1557 964 1605 69
983 1549 1090 1606 τοιόσδ’

80 1617 142 1676 otoo
162 1619 231 1696 δρᾷς
333 1619 491 1688 3ἀμφωΡ
521 1622 525 1689 Ι
555 1619 681 1675 εὐάκοοιε
709 1620 743 1675 cf.
763 1621 891 1690 γυναιξὶν
909 1621 1029 1689 ἐπήκοος
1047 1623 1092 1692 (de

80 1691 184 1763 Diana)
206 1691 297 1746 Adaei
315 1696 379 1757 303,
399 1696 428 1756 3,
456 1689 615 1759 παιδαρίων
634 1690 772 1754 Διόνυσος
795 1691 913 1758 ἐπήκοος
932 1692 1039 1747 Gallim.
1055 1693 1093 1747 VI

81 1768 142 1830 310,
157 1759 281 1831 Ἄρτεμις
298 1760 496 1831 ἀμφοτέροισιν
514 1761 639 1828 ὑπήκοος
656 1762 751 1831 Antip.
766 1762 816 1815 Th.
831 1762 870 1816 IX
888 1769 931 1831 46,
952 1761 1092 1834 (Είκοδίη)

81 1835 217 1905 εὐχωλῇσι
243 1832 381 1900 κατήκοος
398 1833 539 1902 Antiphili
557 1833 596 1887 VI
615 1838 674 1900 199,
703 1833 771 1887 ἀλλά
798 1853 846 1903 μοι
873 1835 910 1896 ὡς
935 1834 1005 1897 θεὸς
1030 1836 1092 1890 ἔσσο

79 1905 219 1973 κατήκοος
241 1905 336 1973 Antip.
356 1904 451 1959 Thess.
470 1903 508 1956 IX
526 1910 578 1957 426
686 1909 752 1974 3sq.
774 1903 846 1959 falso
869 1906 1020 1960 traduntur
1041 1923 1093 1961 nec

80 1975 267 2046 probabiliter
286 1975 461 2044 corriguntur
479 1975 605 2029 clausula
623 1975 779 2030 hexametri
798 1979 827 2030 et
843 1977 1013 2046 pentametri
1026 1993 1093 2046 pars

80 2047 170 2117 prior:
185 2043 326 2100 ἀλλάποθ’
343 2048 447 2101 αὐτούσ
461 2047 491 2100 αί
504 2045 595 2118 τάμοι
609 2048 656 2116 (τά
671 2047 785 2101 exhibet
793 2047 838 2100 Ριο
846 2057 884 2103 τῶ
893 2048 949 2118 ppo)
959 2048 1095 2118 παραθήσ

82 2119 165 2188 (θήν
203 2118 278 2173 otius
297 2135 382 2185 quam
400 2120 481 2188 θήσ)
497 2118 527 2184 Ρ,
547 2118 616 2172 ἀλλά
634 2116 704 2173 ποθ’
727 2118 830 2183 αὐτοὺς
847 2121 922 2174 αὐτῶ
941 2139 988 2190 μοι
1001 2138 1093 2189 παρα-

81 2190 148 2244 θεὶσ
160 2136 224 2256 Ple,
242 2189 311 2243 ἀλλὰ
325 2186 396 2243 ποθ’
413 2190 515 2250 αὐτούς
528 2190 590 2260 (Pr,
609 2190 678 2244 ἀλλά
696 2187 768 2245 πόθ’
787 2191 889 2253 αὐτοὺς
902 2191 1007 2262 Ple-e)
1022 2193 1098 2247 αὐτῶ

82 2281 130 2330 μοι
152 2260 294 2328 παραθεὶς
312 2259 363 2312 ΡΙΕ
379 2262 383 2328 Ι
400 2260 555 2314 clausulam
572 2260 727 2316 hexametri
746 2261 886 2331 explicare
904 2263 1000 2317 studet
1018 2247 1092 2317 seht

82 2333 116 2402 (v.
137 2332 175 2385 ad
192 2350 220 2401 p.
236 2336 295 2397 268,
316 2334 413 2422 61ης.)
436 2331 488 2385 sic:
519 2332 598 2386 ‘aare
616 2330 688 2386 ποθ’
709 2333 823 2395 αὐτούς·
846 2331 933 2388 λείπει
952 2335 985 2388 οὐ
1004 2338 1094 2397 καλῶς

84 2400 281 2475 συμβαίνομεν,
300 2401 347 2456 ίνα
365 2421 396 2474 η’
421 2403 492 2470 πρὸς
509 2402 582 2472 ἡμᾶς
600 2404 703 2466 αὐτούς
721 2405 772 2458 οὐκ
791 2402 903 2472 εὐήκοοί
922 2405 1011 2474 ἐσμεν,
1030 2405 1049 2473 ἥ
1067 2425 1094 2459 τι

82 2483 212 2529 τοιοῦτον
226 2472 350 2543 νοητέον,
370 2490 455 2540 quam
469 2473 729 2543 interpretationem
743 2474 817 2528 eche
832 2477 917 2530 iterat
929 2475 974 2529 his
988 2475 1092 2531 verbis:

84 2546 276 2613 ἀποσιώπησις
297 2545 329 2599 τδ
353 2552 443 2616 σχῆμα
464 2545 511 2598 καὶ
531 2546 650 2613 ἔλλειψις
667 2554 716 2600 τού
735 2543 866 2616 ρήματος·
895 2548 928 2602 οὐ
947 2546 1016 2617 λέγω
1034 2557 1095 2609 πῶς

84 2613 282 2687 συμβαίνομεν,
300 2617 333 2670 οὐ
353 2619 442 2678 καλῶς
460 2615 527 2684 ἡμῖν
544 2614 732 2686 συμβαίνομεν
747 2617 812 2671 οὐδέ
827 2620 916 2680 καλῶς
929 2617 999 2686 πρδς
1012 2617 1094 2686 ἀλλή-

83 2689 148 2749 λους
166 2685 335 2755 διακείμεθα
353 2687 550 2756 (probaverunt
567 2687 640 2741 hanc
659 2687 875 2757 explicationem
893 2706 955 2742 cum
970 2689 1020 2743 alii
1033 2692 1094 2744 tum

85 2757 231 2823 Geffclren,
255 2758 309 2811 nisi
338 2758 413 2826 quod
436 2758 507 2812 duce
530 2758 694 2812 Casaubono
717 2760 782 2827 post
804 2758 873 2814 ἀλλά
895 2757 967 2815 ποθ’
992 2761 1095 2822 αὐτοὺς

85 2829 182 2898 qualia
196 2829 226 2882 in
241 2828 325 2882 schol.
340 2830 484 2898 proposita
499 2832 564 2883 sunt
577 2846 633 2884 non
646 2829 794 2884 reticentia
803 2830 935 2886 Mercurii
949 2832 1094 2901 supprimi,

85 2901 134 2954 sed
152 2900 262 2954 incuria
279 2900 388 2953 librarii
406 2901 512 2969 perisse
530 2902 655 2969 duosque
673 2918 767 2955 versus
787 2902 923 2956 excidisse
946 2905 1093 2973 statuunt).

85 2972 120 3025 de
134 2974 310 3040 pentametro
325 2972 389 3025 add.
401 2973 475 3026 εολι.Β
488 2972 572 3027 haec:
592 2970 644 3041 θρα
659 2971 747 3042 (δρεια
763 2989 813 3026 scr.
825 2973 891 3040 sch,
905 2993 929 3027 v.
945 2974 983 3027 ad
996 2980 1057 3040 269,
1067 2977 1094 3043 4)

85 3039 136 3098 οὐν
155 3043 281 3097 ἐνταῦθα
299 3042 330 3096 τδ
348 3044 490 3111 παραθεὶς
508 3041 583 3105 ὅπως
600 3053 701 3099 κεῖται·
725 3042 787 3110 ήτοι
805 3044 858 3114 γὰρ
876 3047 1019 3113 παραθεὶς
1032 3046 1096 3099 ἀντὶ

84 3123 134 3168 τοῦ
153 3112 334 3182 παραθέντος
351 3112 479 3182 ληπτέον,
503 3113 550 3168 ἵνα
569 3109 586 3186 ἦ
604 3113 776 3184 πλαγιασμδς
795 3113 839 3170 ἐπ’
861 3114 987 3178 εὐθείας·
1009 3115 1095 3176 άλλως

85 3185 138 3255 γὰρ
153 3183 354 3253 σολοικοφανές
368 3185 450 3252 ἐστιν,
469 3184 536 3253 ὅπερ
552 3195 671 3256 συνεχῶς
684 3184 763 3253 παρά
777 3205 806 3241 τε
819 3191 857 3260 τῷ
870 3184 1032 3257 Θουκυδίδῃ
1047 3186 1094 3239 καὶ

84 3266 143 3319 τοῖς
166 3256 259 3317 ἀλλοις
274 3253 451 3319 Ἀττικισταῖς
473 3255 599 3327 εὐρηται,
623 3260 673 3328 οὐχ
694 3255 792 3326 ήκιστα
811 3258 842 3311 δέ
860 3257 939 3326 παρὰ
956 3262 994 3328 τῷ
1015 3260 1094 3310 Φιλο-

86 3325 205 3396 στράτω,
230 3327 266 3388 ὡς
288 3327 319 3380 τὸ
345 3326 375 3380 ‘d
394 3329 526 3395 Πρωτεύς
549 3327 564 3382 δ
585 3328 689 3397 Φάριος
710 3327 741 3381 τδ
765 3332 864 3397 θαῦμα
887 3330 918 3383 τὸ
934 3326 1094 3397 Ἑλληνικὸν

85 3381 186 3453 πολλαί
208 3396 258 3466 μέν
282 3398 368 3451 αὐτοῦ
391 3400 439 3452 καὶ
461 3401 617 3462 πολυειδεῖς
635 3398 665 3452 αὶ
684 3398 815 3467 μορφαί’·
834 3399 866 3454 τὸ
885 3396 936 3453 οὐν
954 3399 1096 3467 παραθεὶς

85 3470 150 3522 ἀντὶ
167 3477 217 3522 τοῦ
232 3466 417 3534 παραθέντος.
447 3470 505 3523 iam
519 3471 646 3538 sequitur
659 3469 804 3539 participii
817 3470 1011 3539 interpretatio
1025 3469 1093 3523 ista:

87 3537 125 3613 (ἢ
150 3538 235 3601 αὐτὸς
257 3538 295 3611 ὁ)
315 3537 454 3609 Ἡρακλῆς
475 3543 617 3608 παραθεὶς
639 3541 728 3612 ἑαυτῷ
750 3540 800 3602 τὰς
822 3542 896 3612 αὐτῷ
919 3560 965 3609 μοι
985 3540 1094 3608 ὀφειλο-
