2414 3856
137 139 203 213 562
452 147 536 202 Anth.
557 145 736 216 Cephalonae
754 145 772 199 l.
792 147 830 201 IV

129 311 267 397 ’Ἁρμεος
284 310 487 396 Ἀμφιλόχου
510 335 545 376 τε
568 307 623 375 καί
647 309 778 382 ὁππόσα
791 310 937 396 ,ῥαίσατο
962 314 1073 400 κύκλῳ

182 417 270 484 ἄστε’
294 416 519 506 -ἐπιθρῳσκων
543 416 754 501 δουρομαυὴς
776 420 918 503 πόλεμος
1009 481 1011 485 ,
1048 439 1058 492 ζ

137 613 179 666 ita
198 611 343 701 scriptum,
357 612 395 693 ,ut
411 609 467 694 litt.
486 617 511 663 A
530 612 620 663 exstet
638 609 668 662 in
686 610 823 680 margine,
842 611 988 695 odpiotnm
1006 616 1154 682 praetende

138 701 262 810 {lillis
282 682 441 808 ιέίπέίδύ
456 680 1152 824 ltilliltdllzllllttltlpdldil?

137 826 192 891 Br.‚
207 841 291 894 quem
305 824 432 892 quemvis
447 823 611 878 dubitanter
625 824 752 892 sequitur
762 822 846 890 Setti3
861 839 913 895 ego
927 825 1052 882 tribuere
1066 828 1154 881 malni

137 898 193 967 ipsi
217 912 335 951 coronae
356 895 523 966 Philippeoe
546 895 697 950 conditori:
722 895 757 950 cf.
775 895 902 965 Philippi
921 896 1084 967 Augustum
1107 899 1154 953 ad-

136 969 248 1023 ulantia
262 985 325 1037 opp.
336 967 375 1021 VI
384 971 445 1032 236,
460 966 498 1019 lX
508 971 569 1032 307,
581 970 641 1035 778,
652 972 712 1033 286,
726 969 872 1036 praeterea
885 967 924 1021 IX
938 973 1023 1036 247,1
1036 971 1152 1040 Dionis]

137 1037 282 1095 πλοίτανόν
297 1059 335 1109 με
349 1041 392 1109 (ut
405 1038 472 1091 urbs
482 1037 627 1107 Nicopolis
641 1037 679 1091 IX
689 1043 749 1104 663,
764 1038 807 1091 itn
820 1033 954 1108 plotinus
967 1040 1008 1094 IX
1017 1046 1069 1095 247
1081 1042 1153 1096 dese

138 1111 224 1165 verbe
242 1111 349 1164 faciens
363 1109 516 1175 inducitur,
530 1127 555 1165 v.
569 1109 642 1164 Phil.
652 1108 690 1162 lX
704 1114 774 1176 88,3
788 1109 858 1164 ἄλλοί
876 1129 915 1179 με
933 1109 986 1180 τὴν
1004 1110 1154 1183 μελίγηρυν

137 1181 256 1252 ἀηδόνα,
264 1187 345 1247 778,3
354 1181 403 1235 καί
413 1179 536 1250 γλαυκήν
548 1200 585 1250 με
597 1179 809 1248 &diaetam
817 1186 867 1234 261
877 1180 1056 1247 Λευκοίδος
1068 1185 1153 1239 αἰπὺν

138 1254 207 1325 ἔχων
217 1285 251 1294 -
263 1252 277 1307 ό
296 1257 354 1307 θον
365 1253 467 1324 Φοῖβε
476 1248 675 1313 -Ἀκιιακοίις
683 1249 803 1322 λιμένας,
812 1252 850 1306 IX
859 1257 941 1321 307,1
950 1251 1108 1323 Καίσαρος,
1118 1255 1153 1308 vl

138 1331 198 1391 236,
209 1329 225 1377 6
236 1274 381 1392 Καίσαρος
394 1320 538 1393 εὐνομίης,
553 1325 640 1394 βῶλος
650 1320 855 1395 ’ίβηριύδοςιίΧ
865 1329 926 1390 661,
936 1329 959 1389 1,
974 1329 1152 1398 μελαμβύλον

136 1396 175 1450 VI
185 1402 269 1463 231,1
282 1397 310 1450 et
323 1395 354 1449 in
368 1394 422 1448 fine
432 1412 470 1448 vs.
480 1391 668 1465 κώλεσίβωλον
679 1394 718 1448 VI
728 1399 809 1462 104‚1
821 1405 895 1464 (cnm
906 1395 1041 1522 ἐριβώλου
1052 1400 1152 1467 663,1),

136 1466 175 1520 XI
192 1472 275 1534 174,6
290 1465 351 1522 ὅσοι
364 1464 433 1520 ποτὲ
450 1473 542 1534 φῶρες
560 1465 676 1533 ἄριστοι,
686 1465 738 1520 VII
752 1471 839 1531 386,3
854 1465 906 1521 όσα
921 1471 940 1522 δ
954 1472 1043 1536 νδρεα
1062 1468 1153 1541 μακρὰ

137 1538 246 1608 τέθηλε,
264 1538 302 1591 IX
318 1542 407 1604 778,1
428 1545 513 1607 μαῖαν
531 1568 566 1577 -
586 1533 653 1606 ὅσην
674 1537 754 1601 ίζωσε
772 1535 917 1608 περίχθων
937 1538 1064 1606 ὠκεανός
1082 1544 1153 1611 (cum

138 1615 198 1676 663,
207 1615 222 1661 3
231 1628 271 1678 sq.
283 1605 395 1663 ὁππόσα
405 1640 438 1648 -
449 1605 587 1678 πόλεμος),
596 1607 635 1661 VI
644 1613 705 1675 236,
714 1613 731 1660 4
740 1607 855 1664 κνκλόσε
865 1608 1024 1680 βριθόμενα
1034 1613 1152 1685 (κύκλῳ),

136 1681 174 1734 IX
189 1686 258 1749 83‚4
273 1679 414 1747 ἐξέθορεν,
428 1685 515 1746 311,6
531 1677 666 1747 ἐξέθορον
681 1679 875 1748 (ἐπιθρώσκων
891 1686 951 1749 663,
961 1686 999 1751 4),
1013 1682 1053 1736 VI
1069 1688 1151 1749 103,2

137 1754 292 1822 δονριτυπῆ
306 1748 514 1821 (δονρομανής),
528 1750 566 1804 VI
581 1755 668 1816 241,7
684 1748 754 1806 ἀνθ’
772 1735 811 1808 όν
826 1750 940 1819 ίλύκοις,
960 1758 1021 1820 261,
1038 1761 1053 1808 2
1072 1755 1152 1827 Φοῖβε

137 1856 171 1864 -
186 1822 264 1888 δέξαι
283 1823 357 1892 (ἀντί
376 1820 407 1877 δὲ
425 1819 507 1891 νίκης
527 1823 628 1892 Φοῖβος
642 1853 676 1862 -
690 1820 822 1894 δέχνυται
841 1830 902 1890 663,
916 1830 932 1876 4
944 1827 1005 1895 οφ),
1017 1825 1057 1879 VI
1070 1829 1150 1894 236‚2

133 1892 280 1949 Ἀκτιακοῦ
294 1893 425 1963 πολέμου,
434 1892 473 1946 VI
486 1898 546 1958 261,
558 1898 573 1946 8
583 1890 740 1956 Ἀκτιακοίις
759 1895 798 1960 είς
815 1893 928 1964 λιμένας
946 1893 1040 1966 (νίκης
1053 1895 1152 1951 Ἀκτιύ-

137 1967 197 2034 θος)
223 1969 227 2035 Ι
253 1966 288 2019 de
314 1965 391 2018 urbis
416 1963 574 2033 Nicopolis,
600 1981 685 2031 quam
711 1965 748 2018 ad
772 1965 982 2020 nobilitandam
1007 1967 1151 2023 victoniom

136 2037 283 2090 Actiacam
302 2035 472 2091 Octavianus
492 2035 669 2103 condiderat,
689 2039 830 2091 crescente
848 2038 978 2106 potentia
998 2039 1151 2109 opibusque

138 2107 228 2161 auctis
247 2108 301 2175 ita,
320 2109 353 2160 ut
376 2124 449 2175 quae
467 2107 570 2161 circum
591 2106 696 2176 oppida
718 2107 870 2162 floruerant
889 2109 1036 2182 complura
1055 2127 1151 2165 evone-

138 2182 246 2232 scerent
260 2195 293 2232 ac
307 2195 396 2247 poene
407 2179 518 2232 deserta
528 2178 723 2248 exstinctaque
736 2180 869 2246 iacerent,
880 2180 915 2235 cf.
925 2180 1079 2236 Pausanv
1090 2187 1150 2247 23,2

136 2248 381 2321 Ἀμβρακιώτας
413 2249 443 2305 δὲ
473 2250 522 2303 καί
551 2247 790 2318 Ἀνακτορίους
821 2249 960 2313 ἀποίκους
988 2251 1150 2321 Κορινθίων

138 2320 221 2384 ὄντας
239 2320 392 2390 ἐπηγάγετο
410 2320 424 2374 δ
437 2318 579 2390 Ῥωμαίων
594 2323 722 2392 βασιλεὺς
736 2321 766 2376 ἐν
776 2320 959 2385 Νικοπόλεως
973 2324 1150 2393 συνοικισμὸν

137 2393 208 2460 πρὸς
226 2396 263 2463 τῷ
281 2389 382 2465 Ἀκτίῳ,
401 2392 671 2460 Pausan.V1118,o
689 2397 859 2456 Καλυδῶνος
877 2392 930 2463 γὰρ
950 2396 999 2449 καί
1016 2393 1152 2458 Αἰτωλίας

136 2470 185 2532 τῆς
204 2463 285 2533 ἄλλης
304 2464 350 2518 ἐπὶ
368 2464 531 2534 Αύχούστου
551 2461 742 2532 ἐρημωθείσης
760 2463 809 2520 διὰ
827 2465 859 2518 τὸ
878 2465 907 2527 ἐς
924 2464 976 2534 τὴν
994 2465 1150 2522 Νικόπολιν

138 2531 345 2598 συνοικίζεσθαι
359 2535 452 2588 καὶτὸ
467 2533 629 2601 Αἰτωλικόν,
645 2534 735 2589 Strab.
750 2535 802 2590 VH
817 2541 842 2602 7,
857 2542 872 2590 6
887 2538 961 2608 (326)
975 2537 1091 2609 ηύτύχει
1104 2537 1150 2607 μὲν

138 2602 188 2659 ούν
212 2607 260 2660 καί
284 2603 419 2673 πρότερον
437 2605 455 2674 ι)
474 2604 554 2669 πόλις
577 2603 648 2675 αύτη
674 2608 721 2675 (sc.
741 2606 758 2676 ι)
777 2605 934 2678 Ἀμβρακία)
961 2608 1151 2678 διαφερόντως

138 2709 170 2716 -
186 2677 301 2745 μάλιστα
321 2674 348 2730 δ’
371 2676 521 2747 ἐκόσμησεν
540 2677 628 2746 αὐτὴν
645 2677 759 2745 Πύρρος
777 2675 906 2752 βασιλείῳ
924 2679 1099 2750 χρησόμενος
1115 2684 1150 2751 τῷ

135 2746 224 2820 τόπῳ·
244 2746 410 2811 Μακεδόνες
433 2744 461 2801 δ’
482 2747 598 2815 ὕστερον
622 2749 671 2802 καί
685 2746 817 2819 Ῥωμαῖοι
840 2750 890 2804 καί
911 2751 1017 2820 ταύτην
1037 2753 1086 2806 καί
1103 2751 1151 2813 τὰς

137 2819 221 2883 ἄλλας
242 2818 438 2887 κατεπόνησαν
460 2827 520 2881 τοῖς
543 2818 669 2944 συνεχέσι
691 2819 823 2891 πολέμοις
845 2821 893 2875 διδι
916 2820 968 2891 τὴν
991 2822 1150 2888 ἀπείθειαν,

138 2889 207 2944 όίστε
229 2891 262 2945 τὸ
285 2894 444 2944 τελευταῖον
463 2890 477 2944 ό
497 2893 607 2962 Σεβαστ
625 2912 639 2952 ς
662 2890 735 2959 δρῶν
759 2889 966 2962 ἐκλελειμμένας
988 2893 1088 2958 τελέως
1104 2893 1152 2954 τὰς

138 2960 233 3023 πόλεις
251 2961 291 3024 είς
309 2958 377 3030 μίαν
394 2960 527 3033 συνῴκισε
544 2960 594 3030 τὴν
608 2958 658 3015 ὑπ’
675 2963 762 3017 αὐτοῦ
781 2967 935 3033 κληθεῖσαν
949 2964 1109 3021 Νικόπολιν
1122 2965 1151 3019 έν

138 3037 176 3106 τῷ
195 3032 288 3105 κόλπῳ
306 3032 395 3100 τούτῳ
410 3032 476 3101 *ip
495 3032 546 3102 μὲν
566 3028 617 3088 ούν
631 3032 788 3097 Νικόπολις
801 3035 934 3102 εύανδρεῑ
951 3036 1000 3089 καί
1017 3034 1151 3161 λαμβάνει

136 3101 207 3157 καθ’
235 3102 342 3172 ἡμέραν
366 3101 501 3171 ἐπίδοσιν,
526 3103 616 3158 Strab.
636 3104 660 3156 X
680 3111 705 3173 2,
725 3112 740 3158 2
760 3108 834 3175 (466)
856 3104 950 3168 πόλεις
973 3103 1001 3161 δ’
1028 3108 1099 3162 είσν
1121 3106 1150 3160 ἐν

137 3174 187 3242 μὲν
205 3184 265 3236 τοῖς
282 3172 444 3241 Ἀκαρνᾶσιν
461 3172 675 3243 Ἀνακτόριόν
693 3195 723 3231 τε
743 3176 788 3231 ἐπί
829 3175 982 3245 ερρονήσου
1002 3177 1150 3247 ἱδρυμένον

136 3243 238 3299 Ἀκτίου
262 3243 388 3314 πλησίον,
412 3245 545 3315 ἐμπόριον
564 3253 613 3315 τῆς
635 3255 687 3302 νῦν
711 3199 870 3318 έκτισμίνης
893 3245 945 3316 ὑφ’
965 3247 1046 3320 ἡμῶν
1064 3254 1151 3304 Νικο-

137 3317 288 3380 πόλεως-
304 3317 353 3371 καί
369 3317 501 3379 Λευκύις
520 3319 568 3371 καί
577 3315 669 3386 Ἄργος
683 3319 713 3372 τὸ
728 3317 919 3391 Ἀμφιλοχικὸν
933 3321 983 3374 καί
996 3318 1150 3392 Ἀμβρακία,

137 3383 176 3442 ὧν
195 3387 225 3441 αἱ
244 3392 369 3441 πλεῖσται
387 3387 557 3456 περιοικίδες
576 3387 725 3457 γεγόνασιν
744 3387 761 3457 ἢ
781 3391 829 3445 καί
852 3399 941 3444 πᾶσαι
959 3399 1008 3460 τῆς
1026 3389 1151 3445 Νικοπό-

136 3461 203 3519 λεως
290 3458 1147 3534 p·⁵⁶1.⁷id'Pl&olio-(ocr-01d=&d·⁸·ddd·l⁸⁰)l

128 3530 279 3604 ἐριβώλουε
300 3534 415 3604 propter
434 3532 531 3602 oppidi
551 3531 724 3599 opulentiam
742 3532 891 3601 pristinem
907 3532 941 3585 de
959 3533 1038 3590 urbis
1056 3536 1150 3602 patro-
