2414 3856
112 120 265 175 lxsanth.
285 120 344 174 Pal.
365 137 426 191 opp.
447 121 596 177 demonstr.
617 127 766 175 sla-54³.
795 121 848 191 (Fr.
867 121 925 175 Cor.
945 121 1029 192 Phil.)
1066 122 1130 187 547

471 323 531 371 ιω.
569 296 770 372 ominnor.
1092 317 1131 371 Α*

113 431 299 511 Θεσσαλίης
322 428 464 493 εὐίππου
488 427 505 492 ὁ
529 428 731 513 ταυρελάτης
754 427 853 513 χορὸς
876 427 1020 512 ἀνδρῶν,

157 535 272 620 χερσίν
294 533 485 620 άτενχήτοις
508 535 636 619 θάρσος
658 533 880 618 ὁπλιζύμενος,

109 652 349 724 στερνοτυπεῖς
371 642 503 717 πώλους
528 639 638 719 ζεῦξεν
662 642 855 727 σκιρτήματι
878 643 1021 727 ταύρων,

77 776 91 816 ι
157 747 358 833 ἀμφιβαλεῖν
381 747 536 813 σπεύδων
557 746 685 830 πλέγμα
707 749 917 831 μετωπίθιον.

109 927 147 980 de
170 925 357 995 pantomimo:
383 922 533 977 ‘mirabilis
553 940 598 977 ars
618 926 668 989 est,
688 939 760 991 quae
783 922 854 976 faoIt
872 923 1005 977 articulos
1025 941 1072 978 ore
1091 924 1128 978 si·
1203 959 1204 962 =

107 997 187 1052 lente
210 996 299 1065 loqui'
320 998 349 1050 et
368 997 453 1064 ‘quae
478 998 591 1049 resonat
616 997 722 1061 cantor,
747 994 872 1048 motibus
898 995 959 1063 ipse
1005 995 1098 1050 robat'
1120 998 1125 1065 Ι

107 1067 231 1140 χάριτεςε
259 1067 381 1121 occurrit
405 1067 434 1120 in
460 1067 515 1120 fine
536 1066 709 1193 pentametri
734 1063 855 1136 χαρίτων
880 1067 956 1134 apud
997 1067 1086 1137 rinag.
1101 1067 1128 1120 V

110 1145 171 1207 107,
186 1144 211 1206 6,
239 1139 278 1193 IX
296 1144 389 1207 239‚4
418 1138 484 1207 ἔργα
512 1158 593 1208 φρει
620 1135 751 1210 χαρίτων,
780 1137 818 1190 IX
837 1143 928 1205 513‚2
958 1137 1080 1207 ἔγραφεν
1108 1135 1126 1206 ἢ

106 1208 249 1266 Μουσέων
268 1211 319 1266 σὺν
338 1218 385 1282 μιῇ
406 1207 423 1278 ἢ
442 1207 572 1278 Χαρίτων
585 1211 593 1279 ll

182 1305 267 1369 lsqq.
294 1317 337 1369 ep.
364 1299 529 1367 οω.Ρ1οιι.,
555 1301 648 1353 exstat
672 1299 702 1352 in
726 1315 770 1368 ap.
791 1299 861 1352 Buh.
880 1317 907 1368 p.
925 1303 975 1352 192
986 1317 1026 1368 sq.
1051 1298 1126 1353 inter

105 1371 146 1426 IX
165 1377 217 1425 542
237 1375 266 1425 et
285 1377 349 1439 5443
376 1371 480 1425 lemma
508 1388 563 1425 non
592 1371 656 1425 add.
680 1371 715 1439 Ρ,
744 1371 779 1424 de
805 1373 950 1424 taurorum
977 1371 1125 1426 venatione

106 1442 271 1498 Thessalica
296 1443 474 1510 ferarumque
500 1442 703 1496 domandarum
729 1441 838 1495 ratione
864 1456 953 1508 aeque
973 1442 1125 1497 artificiosa

104 1512 1124 1654 aususausus..iduiusuuciuu

105 1656 253 1711 sollemnia
270 1656 502 1725 Ταυροκαθάψια
520 1656 681 1725 Smyrnaea,
700 1655 801 1724 quibus
816 1655 927 1709 venatio
945 1656 1001 1711 ista
1020 1629 1123 1727 agebas

104 1731 161 1795 tur,
186 1731 377 1782 memorantur
401 1729 432 1781 in
455 1728 580 1798 inscript.
601 1727 754 1796 Smyrnaea
773 1727 849 1796 apud
868 1727 989 1783 Boeclrh.
1008 1727 1034 1780 11
1053 1734 1122 1783 3212

104 1797 371 1868 (Ταυροκαθαψίων
385 1797 474 1869 ἡμέρα
480 1802 523 1898 φῆς
539 1800 651 1854 eosdem
665 1799 747 1852 ludos
757 1799 863 1852 Romae
877 1799 1021 1855 instItutos
1036 1800 1122 1856 fuisse

104 1870 188 1924 docet
212 1871 287 1925 Suet.
308 1870 404 1925 Claud.
425 1877 458 1925 21
491 1874 638 1940 praeterea
656 1870 806 1924 Thessalos
832 1869 953 1938 equites,
973 1872 1022 1938 qui
1048 1871 1121 1926 feros

103 1943 201 1996 tauros
219 1959 270 2011 per
284 1942 377 2012 spatia
392 1942 459 1996 circi
478 1947 567 2013 agunt
585 1943 770 2010 insiliuntque
784 1941 908 1995 defessos
924 1944 952 1996 et
966 1942 1003 1995 ad
1017 1945 1122 1996 terram

105 2013 235 2067 cornibus
261 2014 434 2079 detrahunt,
455 2012 529 2068 Cass.
549 2012 631 2068 Dion.
652 2018 725 2080 61,9
752 2012 782 2068 ἐν
801 2011 833 2067 ὃί
858 2033 913 2066 τινι
938 2012 994 2087 θέᾳ
1020 2013 1122 2082 ἄνδρες

103 2084 224 2152 ταύρους
249 2085 306 2140 άπὸ
333 2084 427 2140 ίππων
451 2083 699 2156 συμπαραθίοντές
725 2102 802 2152 σφισι
828 2082 1024 2154 κατίστρεφον,
1048 2085 1119 2138 Plin.

103 2155 137 2224 H.
152 2155 187 2209 N.
202 2156 266 2210 VIII
281 2162 324 2224 45,
341 2163 390 2212 182
407 2158 613 2212 ‘Thessalorum
631 2157 725 2228 gentis
739 2156 883 2210 inventum
898 2158 942 2209 est
955 2173 1027 2225 equo
1042 2156 1120 2210 iuxta

103 2227 345 2296 quadrupedante,
365 2246 450 2283 cornu
469 2229 574 2284 intorta
594 2229 699 2283 cervice
717 2230 814 2281 tauros
832 2244 945 2282 necare:
964 2227 1071 2297 primus
1089 2228 1120 2281 id

102 2299 295 2367 spectaculum
315 2301 394 2355 dedit
413 2303 519 2355 Romae
538 2301 640 2355 Caesar
659 2300 791 2353 dictator’
875 2305 891 2352 2
911 2299 1054 2372 εύϊππιοσ,
1073 2301 1120 2353 P1‘r

102 2369 182 2438 (quid
202 2371 346 2440 scripserit
362 2372 403 2425 J·r
425 2391 481 2426 non
507 2373 565 2426 iam
584 2371 760 2438 discernitur,
779 2370 879 2425 εύιππε
898 2373 973 2425 certe
997 2388 1054 2424 non
1073 2389 1118 2426 ex-

101 2440 209 2509 stabat;
228 2441 293 2496 fort.
314 2459 394 2498 erasa
413 2447 456 2499 est
474 2447 542 2498 nota
555 2441 569 2461 *
588 2459 672 2512 supra
691 2441 801 2496 litteras
821 2459 865 2508 οσ,
885 2444 970 2510 atque
989 2443 1119 2512 adpiuxit

101 2511 173 2565 illud
184 2513 296 2582 signum
305 2514 334 2567 in
344 2532 432 2586 marg.
441 2516 480 2585 J);
497 2514 529 2570 cl.
540 2515 621 2569 Pind.
630 2515 659 2568 P.
670 2514 733 2567 lV2
744 2511 865 2568 εύίππον
875 2513 1022 2582 Κυράνας,
1033 2515 1068 2568 So
1090 2516 1116 2569 h.

101 2583 168 2637 Oed.
189 2583 217 2638 (l.
239 2590 290 2638 668
311 2583 432 2642 εύίππου
455 2586 516 2652 ξένε
534 2590 619 2641 τᾶσδε
637 2586 729 2657 χώρας
748 2584 847 2654 scripsi
869 2584 1020 2653 Θεσσαλίης
1039 2534 1088 2641 adl
1105 2620 1117 2627 -

99 2656 393 2798 &iillllt‘lifim
406 2655 1116 2798 {milliilimitil‘llliilf'p‘f‘lillllfallll?

98 2797 182 2851 nibus
198 2801 295 2852 contra
314 2802 409 2854 tauros
428 2752 542 2856 almati'
562 2801 783 2870 interpretantur
797 2799 846 2867 qui
864 2801 977 2869 poetam
991 2800 1116 2869 oxymori

99 2869 221 2937 speciem
247 2871 420 2938 quaesivisse
445 2874 555 2940 volunt;
581 2873 631 2927 sed
656 2871 835 2926 scribendum
861 2871 915 2924 vid.
943 2870 1047 2939 θάρσει
1072 2871 1115 2925 vel

97 2938 231 3007 θάρσος
256 2946 316 3011 (pro
335 2947 449 3015 θηρσὶν)
476 2944 599 3014 ὁπλιζόμ.
625 2947 688 3013 (nec
713 2946 809 2997 tamen
828 2942 1011 2996 converterim
1030 2944 1115 2997 verba

97 3009 151 3065 ita:
177 3021 272 3082 χεῖρας
297 3016 466 3087 ἀτενχήτους
491 3015 594 3086 θάρσει
620 3015 704 3085 dull:
732 3014 766 3069 of.
787 3014 869 3084 Soph.
890 3013 931 3067 Ill.
952 3019 1003 3067 995
1022 3022 1114 3067 τοιοῦ-

96 3102 146 3137 τον
165 3083 274 3151 θράσος
292 3085 395 3152 ὁπλίζει
468 3095 484 3141 4
503 3107 559 3144 non
579 3088 677 3158 iugum
696 3086 775 3155 equis
794 3089 931 3153 tauroque
950 3085 1114 3153 impositum

97 3170 158 3208 esse
184 3172 329 3213 commune
356 3161 438 3229 dicit,
465 3162 515 3215 sed
534 3162 633 3230 ‘equos
659 3164 718 3214 tam
744 3173 830 3227 prope
849 3158 965 3211 adactos
991 3172 1051 3210 esse
1077 3158 1113 3209 ad

95 3225 193 3293 feram,
213 3229 245 3280 ut
269 3229 415 3298 tamquam
440 3233 507 3303 iugo
527 3232 628 3287 sociati
650 3232 731 3284 iuxta
749 3245 858 3283 currere
877 3228 1058 3295 viderentur’,
1078 3228 1112 3282 cf.

94 3296 206 3351 Heliod.
226 3298 251 3351 X
271 3305 303 3354 29
323 3301 506 3373 άντίπλευρος
525 3305 579 3375 ἤδη
599 3301 759 3373 παρίππευε
780 3297 863 3371 χρωτί
882 3319 911 3354 τε
929 3300 1034 3371 χρωτὸς
1053 3299 1113 3354 ἐπι-

95 3368 198 3436 ψαύων
217 3370 265 3422 καί
284 3369 386 3445 ἱππείῳ
405 3377 536 3444 ταύρειον
555 3372 653 3446 ἆσθμα
678 3375 727 3429 καί
753 3371 857 3440 ἱδρῶτα
883 3371 1046 3439 κεραννύων
1064 3372 1112 3425 καὶ

94 3437 144 3494 τὸν
163 3438 268 3509 δρόμον
287 3441 375 3506 οὕτως
393 3444 532 3518 ὁμόταχον
552 3445 695 3518 ῥυθμίζων
709 3446 747 3507 ὡς
761 3443 809 3497 καὶ
823 3451 958 3512 συμφυεῖς
975 3438 1048 3498 εἶναι
1062 3443 1113 3505 τὰς

94 3510 224 3580 κορυφὰς
246 3520 301 3568 τῶν
319 3514 393 3588 ζῴων
411 3520 477 3580 τοὺς
503 3520 668 3590 πορρωτέρω
688 3518 884 3596 φαντάζεσθαι
903 3514 1019 3569 καὶτὸν
1040 3517 1111 3569 Θεα-

899 3623 951 3677 36*
