2414 3856
107 111 155 165 IX.
174 111 260 164 Anth.
279 109 338 163 Pal.
361 127 423 180 epp.
443 110 593 164 demonstr.
613 115 763 164 tul-553..
786 111 840 179 (Fr.
860 111 918 165 Cor.
938 111 1022 181 Phil.)
1058 111 1121 175 561

445 311 505 360 σοι.
539 285 793 361 ’nurmirron
827 328 829 334 ,
1087 308 1125 361 A*

108 397 179 465 Kal
203 399 373 464 Μακεδὼν
396 398 413 464 ὁ
433 394 573 480 σίδηρος
592 397 629 464 ἐν
652 400 728 484 άορι
749 398 804 464 καὶ
828 401 868 464 τδι
890 401 972 482 πρὸς
995 399 1099 483 άλκην

154 513 214 588 τῆς
236 502 291 569 ἀπ’
314 503 532 591 Ἀλεξάνδρου
556 506 665 591 χειρὸς
688 503 913 589 ἐπιστάμενος,

107 615 256 694 Πείσων,
280 613 342 696 σὴν
365 610 502 678 ποθέων
526 613 642 696 ἱκόμην
664 611 760 696 χέρα*
779 622 878 678 τοῦτο
903 613 940 678 δὲ
963 624 1080 696 φωνῶ·
1122 691 1123 694 ¹

76 747 90 790 r
155 720 304 802 *Χαίρων
326 717 494 803 δεξιτερὴν
517 712 618 802 εὗρον
642 717 883 802 όφειλομένην.’
965 707 967 710 ⁴
1035 711 1038 714 ⁴

267 985 269 988 Ι
462 915 522 964 τεο,
542 890 787 984 <u1Ai11u0u>
940 993 942 998 ά

109 1004 283 1079 Λευκάδος
307 1002 385 1067 άντί
403 1026 443 1087 με
466 1004 598 1086 Καῖσαρ
624 997 666 1067 ἰδ’
689 1002 888 1090 Ἀμβρακίης
910 1003 1073 1087 ἐριβώλου

110 1177 114 1185 ,
155 1105 324 1196 Θυρρείου
347 1133 381 1174 τε
404 1108 519 1174 πέλειν
540 1107 619 1173 άντί
639 1107 667 1173 τ’
687 1108 899 1192 Ἀνακτορίου

108 1295 159 1341 τοῦ
177 1283 379 1354 προειρημένον
399 1286 446 1353 (sc.
461 1284 598 1354 Μακάρα)
616 1294 744 1355 ποταμοῦ
763 1284 835 1340 κατὰ
850 1285 900 1354 τὴν
920 1286 960 1346 εἰς
977 1283 1124 1339 θάλατταν

109 1356 227 1429 ἐκβολὴν
241 1354 440 1423 σννθεωρήσας
453 1355 526 1409 κατά
543 1376 622 1418 τινας
640 1355 750 1426 ἀνέμων
769 1355 877 1423 στάσεις
895 1357 1126 1426 άποθινοάμενον

108 1430 140 1488 τὸ
167 1425 255 1497 στόμα
279 1427 327 1481 καὶ
352 1427 526 1496 τεναγώδη
553 1426 703 1497 γινομένην
721 1427 772 1496 τὴν
795 1423 865 1495 παρ’
887 1428 955 1482 αὐτὸ
981 1428 1012 1483 τὸ
1038 1427 1125 1496 στόμα

108 1499 291 1566 πάροδον-
310 1495 522 1565 παραπεσόντος
546 1506 596 1552 τοῦ
615 1507 714 1566 καιροῦ
738 1498 838 1559 νυκτὸς
863 1497 1016 1567 ἐξορμήσας
1042 1499 1126 1554 ἔλαθε

109 1569 220 1701 ητάντας
243 1567 301 1638 ἅμα
323 1574 361 1642 τῷ
383 1569 455 1638 φωτὶ
478 1568 526 1622 τὸν
550 1567 751 1638 προειρημένον
773 1567 861 1623 τόπον
884 1569 1053 1641 διαβιβάσας
1075 1570 1126 1638 τὴν

129 1642 184 1696 όνα
206 1661 233 1696 ιν

184 1642 269 1781 lsqll.
289 1727 332 1781 ep.
352 1729 405 1765 om.
425 1710 516 1776 Plan,
544 1713 637 1765 exstat
661 1712 691 1764 in
711 1728 755 1780 ap.
775 1711 845 1765 Buh.
865 1730 892 1781 p.
914 1717 964 1765 194
990 1711 1064 1765 inter
1083 1729 1125 1781 ep.

112 1788 167 1846 551
186 1786 215 1837 et
233 1787 284 1836 553
377 1789 390 1836 1
416 1802 475 1836 αντ.
494 1782 541 1849 Α*,
566 1784 642 1851 gent.
664 1781 887 1846 Θεσσαλονικέως
912 1800 965 1837 om.
984 1782 1035 1849 Α*;
1064 1800 1127 1836 cum

110 1855 207 1926 gladio
223 1854 342 1908 conflato
358 1871 391 1908 ex
405 1855 478 1907 ferro
492 1853 682 1919 Macedonico,
697 1854 746 1922 qui
760 1854 914 1908 Alexandri
927 1853 1025 1923 Magni
1041 1853 1128 1908 fuisse

110 1925 283 1996 perhibetur,
308 1925 387 1978 misit
404 1925 433 1978 L.
454 1924 605 1994 Calpurnio
630 1924 726 1979 Pisoni
751 1928 836 1994 poeta
861 1943 907 1994 ep.
929 1925 1127 1979 eonferendum

112 2015 176 2052 cum
190 1996 316 2051 eiusdem
325 1996 469 2066 Antipatri
483 1997 642 2065 poematiis,
656 2013 729 2064 quae
738 1996 834 2050 Pisoni
849 1996 946 2050 oblata
959 1997 1126 2050 munuscula

109 2071 326 2139 prosequuntur,
352 2085 375 2121 v.
405 2068 442 2121 ad
468 2068 507 2121 IX
532 2072 597 2135 4283
625 2068 798 2137 temporibus
826 2067 895 2122 belli
922 2067 1029 2120 Bessici
1057 2069 1126 2135 quin

111 2140 247 2208 seriptum
263 2137 303 2192 'sit
321 2155 364 2208 ep.
384 2138 509 2193 dubitari
527 2139 573 2192 vix
598 2141 699 2208 potest.
718 2141 812 2193 utrum
837 2139 908 2192 inito
934 2138 985 2192 illo
1004 2155 1041 2211 an
1060 2157 1125 2193 con-

110 2211 185 2265 -feeto
204 2210 342 2264 incertum
414 2217 429 2263 2
451 2211 604 2265 Μακεδὼν;
624 2211 659 2264 cf.
674 2210 712 2263 Vl
726 2216 777 2264 335
797 2208 897 2280 καυσίη
917 2209 934 2278 ἡ
953 2210 984 2264 τὸ
1004 2209 1128 2278 πάροιθε

111 2281 279 2351 Μακηδόσιν
298 2281 412 2336 εὔκολον
433 2280 527 2348 ὅπλον,
545 2281 584 2334 ΙΧ
601 2287 692 2349 428‚1
716 2278 904 2351 Θεσσαλονίκη
929 2280 1017 2350 μήτηρ
1037 2281 1054 2350 ἡ
1073 2282 1127 2336 πά-

112 2371 161 2423 σης
178 2351 271 2422 πέμψε
290 2351 475 2423 Μακηδονίης
494 2355 498 2419 Ι
521 2352 617 2420 ἐνάορι
635 2352 657 2405 Ρ
735 2359 801 2422 2sq.
823 2354 1009 2421 ‘nonpavere
1029 2352 1127 2408 doctus

109 2425 148 2479 ab
166 2423 320 2478 Alexandri
337 2425 433 2477 mauu’
454 2423 558 2478 Reiske
577 2424 669 2494 (Jae.);
696 2424 720 2476 si
739 2441 823 2492 quem
846 2420 964 2477 offendit
983 2423 1050 2478 ordo
1069 2443 1127 2479 ver-

110 2495 224 2557 borum:
249 2495 279 2550 ἔκ
297 2492 361 2548 ποτ’
382 2497 491 2549 tentare
510 2495 578 2559 licet
596 2499 646 2550 aut
664 2502 712 2563 τῆς
734 2492 797 2550 ποτ’
817 2492 867 2548 Ἀλ.
892 2496 992 2565 (quod
1010 2495 1047 2548 ad
1072 2495 1128 2549 for-

108 2567 179 2621 titer
196 2567 273 2620 faeta
292 2567 407 2632 attinet,
427 2567 500 2620 ensis
518 2566 672 2633 Alexandri
695 2565 837 2634 quondam
859 2583 973 2620 manum
996 2570 1127 2635 expertus

111 2639 175 2705 est’,
194 2640 226 2692 ut
244 2638 390 2707 genetivus
409 2646 457 2707 τῆς
481 2637 573 2708 χειρὸς
597 2638 731 2706 iungatur
749 2654 813 2691 eum
838 2638 988 2706 participio
1016 2637 1127 2692 ἐπιστά-

111 2729 205 2779 μενος;
234 2709 269 2764 cf.
288 2708 353 2761 Ant.
382 2707 418 2762 αἴ
439 2727 505 2764 ποτε
533 2708 667 2778 μυριάδες
686 2714 745 2774 151,
764 2715 790 2775 4,
809 2709 873 2761 Ant.
893 2708 989 2762 Thess.
1015 2709 1066 2776 τὴν
1095 2706 1127 2762 δέ

110 2777 174 2842 ποτ’
196 2779 338 2851 Αἰγείδαις
356 2778 478 2850 μεγάλην
496 2781 555 2848 ἔριν
569 2780 621 2834 VH
635 2785 696 2847 705,
711 2784 750 2848 5),
768 2796 821 2834 nec
839 2783 983 2851 praestare
1001 2780 1126 2849 putarim

112 2848 189 2906 ἔσθλ’
211 2848 263 2906 ἀπ’
279 2848 329 2904 Ἀλ.
349 2853 399 2904 aut
418 2849 510 2921 ἔσχατ’
526 2849 576 2905 ’Aa
595 2851 735 2921 (cLPind.
751 2850 793 2905 Ol.
809 2851 887 2904 1113
907 2851 938 2905 τὸ
958 2847 986 2906 δ’
1008 2850 1125 2920 ἔσχατον

110 2931 287 2991 κορυφοῦται
311 2924 473 3012 βασιλεῦσι),
498 2922 601 2976 similia
691 2929 759 2990 4sq.
779 2922 814 2976 ef.
829 2922 868 2975 VI
887 2928 978 2992 241,3
1007 2921 1125 2988 ἔπρεπεν

110 2994 207 3055 άλλαις
225 2993 289 3049 οὔτε
307 2991 391 3059 κόρυς
426 3014 519 3056 αιταις
537 2993 599 3048 οὔτε
622 2992 706 3063 κόμαι
725 2993 841 3062 κόρυθι,
860 2989 924 3046 XVI
943 2997 1003 3058 184,
1019 2998 1034 3044 3
1049 2993 1125 3061 (Ant.

111 3065 218 3134 Thess.)
308 3071 325 3117 4
344 3014 472 3129 ποθάωνς
495 3083 520 3117 v.
535 3064 573 3117 VI
592 3070 683 3128 335,3
703 3064 771 3133 ἱδρῶ
795 3063 940 3132 διψήσασα
959 3073 1036 3118 πιεῖν
1054 3061 1127 3129 τεόν,

110 3135 162 3190 VII
177 3141 238 3203 637,
253 3140 268 3188 6
288 3136 339 3189 οόκ
358 3134 483 3207 ἐπόθησε
500 3133 601 3202 τρόπιν
620 3137 663 3205 (A.
678 3136 740 3205 Th.)
823 3141 838 3189 5
859 3134 1042 3207 ὀφειλομένην
1054 3157 1060 3187 :
1070 3163 1084 3177 a
1097 3133 1115 3186 J
1120 3156 1127 3198 ς

111 3206 217 3261 similia
235 3207 343 3275 profert
357 3207 537 3277 Antipatrum
555 3206 619 3260 fort.
635 3208 780 3261 aemulans
795 3206 960 3276 Orinsgoras
980 3206 1010 3258 in
1029 3222 1071 3274 ep.
1091 3205 1129 3258 ad

112 3278 274 3333 Germanici
299 3278 412 3331 laudem
435 3278 548 3332 condito
567 3277 606 3331 IX
624 3283 684 3344 283,
700 3284 715 3331 6
734 3278 878 3338 τοιαύταις
902 3277 995 3348 χερσὶν
1018 3274 1128 3344 ὀφειλό-

111 3353 187 3420 μεθα
207 3352 216 3420 ll
306 3354 396 3417 tsqq.
420 3365 463 3417 ep.
487 3365 543 3402 non
567 3349 675 3418 recepit
697 3348 790 3415 Plan,
814 3350 907 3402 exstat
934 3348 964 3400 in
988 3364 1032 3416 ap.
1057 3346 1127 3399 Buh.

111 3440 138 3490 p.
156 3425 216 3487 194,
235 3422 300 3490 post
318 3436 361 3488 ep.
376 3420 413 3472 IX
432 3426 484 3474 552
557 3425 573 3473 6
593 3436 636 3490 ep.
656 3423 733 3473 earet
750 3420 883 3474 lemmate
902 3421 987 3486 atque
1006 3417 1128 3472 auctoris

111 3493 238 3559 nomine;
264 3491 314 3544 sed
338 3489 435 3545 littera
453 3490 610 3544 maiuscula
632 3491 800 3544 instructum
819 3492 862 3543 est
880 3487 1025 3550 Λευκάδος
1043 3492 1128 3560 atque

166 3593 275 3631 Annon.
290 3591 396 3631 θωνα.
418 3590 462 3630 111.
935 3583 969 3631 36
