2414 3856
125 155 191 222 506
262 155 347 210 Anth.
367 154 546 227 Cephalanae
565 154 583 210 1.
598 155 637 210 TV
656 155 892 226 (Planudeael.1
911 173 933 211 ο.
952 157 1013 227 w)

124 331 192 386 τῶν
216 319 322 386 ἐπέων
344 319 362 386 ὁ
387 321 515 397 Σολεὺς
539 317 734 404 ἀπεμάξατο.
779 320 918 406 χαίρετε,
943 319 1063 386 λεπταὶ

170 427 290 513 ῥήσιες,
309 425 450 514 Ἀρήτου
474 427 636 503 σύντονος
659 426 836 512 ἀνρυπνίη.

125 620 267 691 descripta
293 620 391 675 libello
418 619 553 675 Prusiaca
581 620 643 674 vexi
670 636 787 674 munera
814 619 958 674 navicula'
989 622 1024 690 (v.
1052 620 1147 675 Mases

123 692 142 746 l.
162 695 209 762 c.);
235 692 299 747 fort.
320 709 362 761 ep.
381 691 435 745 hoo
454 709 517 746 cum
535 691 608 746 libro
627 692 730 747 Arateo
750 692 787 746 ad
806 691 929 746 amicum
948 709 1032 746 suurn
1050 691 1147 745 Praxi-

101 763 247 833 ‘phanem
275 763 335 834 (qui
362 764 427 832 περὶ
455 772 579 833 ποιητῶν
607 766 636 817 et
662 783 692 818 π.
720 762 885 833 ποιημάτων
913 763 1040 834 scripsit)
1068 763 1148 817 misit

125 833 322 901 Callimachus,
337 834 372 888 ci.
387 834 433 888 Ar.
449 853 472 888 v.
488 835 501 887 I
518 840 550 888 74
565 833 701 905 μέμνηται
718 843 787 904 γοῦν
803 836 890 889 αὐτοῦ
905 835 954 889 καὶ
968 832 1147 907 Καλλίμαχος

124 938 159 946 -
174 907 207 961 οὐ
226 905 314 977 μόνον
329 907 359 962 ἐν
372 915 431 968 τοῖς
450 905 664 976 ἐπιγράμμασιν,
684 905 753 959 ἀλλὰ
770 907 819 961 καὶ
838 906 868 961 ἐν
880 915 941 969 τοῖς
953 906 1025 975 πρὸς
1040 907 1145 976 Πραξι-

125 977 220 1047 φάνην
237 977 314 1032 πάνυ
334 979 457 1033 ἐπαινῶν
477 978 564 1033 aava
583 978 620 1040 ὡς
644 980 797 1048 πολυμαθῆ
822 978 869 1031 καὶ
888 975 1004 1046 ἄριστον
1023 976 1143 1048 ποιητήν

161 1054 176 1101 3
196 1048 346 1118 ἠσιόδουτο
366 1046 394 1103 δ’
416 1048 517 1118 ἄεισμα
535 1048 570 1115 P;
591 1046 650 1102 Ἡσ.
670 1049 701 1104 τὸ
721 1048 822 1118 ἀεισμα
846 1050 875 1102 et
889 1045 950 1103 Ἡσ.
970 1050 989 1102 δ
1021 1047 1048 1103 ἄ.
1065 1049 1143 1103 codd.

53 1120 57 1135 '
123 1119 340 1186 Westermanni,
356 1117 415 1174 Ἡσ.
435 1116 497 1175 τάδ’
519 1119 545 1174 ἀ.
564 1120 705 1188 Petavius,
725 1117 757 1175 τά
776 1139 792 1174 τ
823 1119 849 1174 ἀ.
868 1118 1031 1185 Blcmfield,
1051 1120 1144 1186 Mein,

123 1191 251 1246 Wilam.:
271 1194 302 1245 at
320 1191 354 1246 cf.
374 1191 411 1244 IX
429 1197 463 1244 25
482 1191 555 1261 ypoip
613 1188 684 1247 τόδ’
701 1189 822 1260 Ἀρήτοιο
842 1189 994 1259 δαήμονος,
1008 1190 1062 1244 VH
1078 1198 1142 1257 11,1

125 1261 140 1316 ὁ
159 1264 260 1332 γλυκὺς
275 1260 408 1332 Ἠρίννης
426 1258 507 1325 οὗτος
525 1282 546 1317 π
564 1283 619 1330 νος,
638 1262 677 1316 IX
692 1268 777 1331 190,1
793 1261 914 1333 Λέσβιον
928 1258 1065 1332 Ἠρίννης
1081 1260 1144 1318 τάδε

124 1333 231 1403 κηρίον,
250 1334 288 1387 IX
309 1340 368 1400 186,
384 1342 408 1400 1,
423 1333 474 1388 VH
488 1340 539 1387 411
562 1333 702 1396 Θέσπιδος
720 1333 822 1404 εὕρεμα
840 1341 931 1399 τοῦτο,
948 1333 1034 1387 verba
1050 1333 1144 1388 Crina-

124 1422 209 1476 gorea
232 1406 269 1460 de
287 1404 484 1460 Callimacheis
509 1422 639 1475 expressa
660 1405 850 1475 *Καλλιμάχου
869 1405 901 1459 τὸ
920 1404 1056 1473 τορευτὸν
1081 1405 1144 1469 ἔπος

123 1475 199 1533 τάδε’
209 1478 248 1531 IX
258 1483 338 1544 545,1
351 1481 354 1548 )
367 1477 524 1546 comparari
531 1479 666 1531 Arateum
677 1493 788 1531 carmen
798 1494 861 1530 cum
870 1475 989 1531 Hesiodi
997 1476 1144 1546 Operibus,

124 1546 262 1618 imprimis
286 1566 350 1603 cum
369 1549 493 1602 versibus
513 1554 564 1602 383
588 1548 751 1619 (Πληιάδων
768 1545 948 1617 Ἀτλαγενέων
975 1547 1143 1618 ἐπιτελλομε-

124 1619 210 1690 νάων)
230 1637 300 1688 sqq,
318 1620 363 1674 vel
382 1637 445 1674 cum
464 1620 605 1674 Hesiodea
618 1620 798 1675 Astronomia
816 1617 969 1673 monebant
988 1621 1017 1674 et
1036 1623 1142 1675 veteres

124 1692 291 1761 interpretes
310 1695 339 1746 et
357 1691 473 1760 Dilthey
493 1694 498 1759 )
519 1692 568 1746 καὶ
588 1711 603 1745 ο
621 1709 727 1757 τροποσ
745 1692 766 1744 Ρ
851 1710 879 1760 p.
896 1696 956 1758 505,
972 1697 1040 1759 3sq.
1062 1691 1143 1746 οάτὸν

123 1763 223 1818 ἀοιδὸν
241 1763 264 1816 Ρ
284 1763 374 1833 (codd.
394 1763 469 1817 vitae
487 1764 545 1831 Ar.)
566 1765 571 1833 )
592 1760 660 1817 ‹iil'd
680 1761 751 1817 κνέω
777 1762 875 1832 (oscor
893 1761 945 1832 J¹¹⁰)
965 1761 1002 1832 μὴ
1020 1763 1054 1818 τὸ
1074 1765 1143 1833 μελι-

124 1832 260 1906 χρότατον
279 1834 301 1888 Ρ
324 1831 395 1903 (ἀλλ’
416 1854 521 1889 οκναιω
541 1837 570 1888 ct
596 1834 700 1889 ὀκαισω
720 1851 740 1889 s.
761 1851 806 1888 -σο
826 1854 862 1903 μη
881 1853 912 1887 το
932 1836 988 1902 μελ.
1015 1850 1052 1887 ex
1070 1835 1143 1888 vitae

124 1907 204 1961 codd.
220 1905 341 1959 afferunt
360 1906 447 1976 edd),
466 1906 544 1960 varia
562 1907 755 1973 tentabantur,
774 1904 879 1974 partim
899 1903 1022 1958 absurda
1041 1907 1142 1975 partim

124 1976 250 2030 inutilia:
271 1976 285 2031 ὁ
305 1975 407 2045 τρόπος
426 1972 507 2039 οὗτος
525 1977 626 2032 ἀοιδὸν
646 1978 705 2048 ἔσχε
723 1976 781 2042 τόν,
801 1971 862 2029 ἀλλ’
880 1973 966 2030 duvia
984 1975 1070 2045 μὴτὸ
1088 1979 1139 2047 pei.

124 2048 294 2115 Casaubon.,
319 2049 352 2102 cd
371 2048 421 2103 τὸν
440 2047 540 2102 ἀοιδὸν
567 2049 691 2119 ἔσχατον,
717 2045 776 2101 ἀλλ’
799 2042 832 2101 οὗ
851 2046 883 2101 τὸ
910 2055 987 2115 σῶμα
1014 2050 1141 2118 (effluat)

124 2117 320 2190 μελιχρότατον
345 2128 400 2173 τῶν
420 2118 517 2185 ἐπέων,
545 2119 644 2174 oxos.
671 2120 768 2188 inepte
792 2118 1007 2188 Hemsterhuys,
1036 2121 1070 2174 ot
1096 2127 1142 2174 τοῦ

124 2192 225 2245 ἀοιδοῦ
250 2191 374 2261 ἔσχατον,
394 2189 453 2243 ἀλλ’
476 2189 563 2245 iscire
587 2190 672 2261 μὴτὸ
692 2193 747 2260 psi.
768 2189 903 2258 Clericus,
923 2191 957 2244 οὐ
975 2189 1025 2244 τὸν
1045 2191 1142 2245 ἀοιδὸν

125 2262 250 2334 ἔσχατον,
269 2259 340 2328 ἀλλ’,
361 2256 381 2314 ὦ
404 2266 465 2329 Ζεῦ,
485 2256 560 2337 ᾆσμα
579 2261 713 2333 μελιχρότ.
731 2261 927 2331 Panagathus,
947 2261 980 2316 οά
999 2262 1051 2317 τὸν
1070 2263 1142 2316 ἀοι-

125 2336 190 2388 δῶν
210 2333 326 2403 ἔσχατον
346 2333 479 2404 Scaliger,
499 2333 617 2402 Bentley
637 2333 787 2403 (plerisque
806 2332 866 2386 iure
885 2331 1092 2404 probantibus),
1111 2332 1142 2387 oi

123 2424 166 2459 τοι
186 2406 291 2459 ἀοιδῶν
307 2404 423 2474 ἐσχάτου
438 2408 477 2475 (ct
496 2405 619 2477 ἔσχατος)
633 2405 761 2472 cabrer,
780 2401 841 2457 ἀλλ’
863 2400 901 2458 d’
928 2403 1026 2472 ἀκρον,
1045 2406 1095 2459 καὶ
1111 2404 1142 2459 τὸ

124 2473 226 2566 μελίχρ.
238 2475 359 2543 Ernesti,
373 2473 432 2530 ἀλλ’
447 2474 534 2532 duvia
549 2475 585 2545 μὴ
600 2477 631 2531 τὸ
646 2475 833 2545 μεληρότατον
844 2424 928 2528 Saim.
940 2474 1000 2545 (qui
1015 2475 1052 2544 μὴ
1068 2479 1143 2546 μελε-

123 2566 276 2616 τηροτατον
296 2548 417 2602 scribere
436 2548 578 2616 debebat),
597 2545 656 2602 ἀλλ’
676 2547 733 2602 dnn.
749 2546 786 2616 μὴ
806 2547 839 2600 οὐ
858 2547 889 2606 τὸ
904 2549 960 2616 μελ.
977 2546 1099 2615 (‘rereor
1113 2549 1144 2600 nt

124 2618 303 2672 suavissimos
318 2619 434 2674 Hesiodi
448 2635 542 2673 versus
558 2619 747 2688 expresserit’)
762 2618 858 2687 inepte
867 2618 956 2687 Toup,
970 2614 1031 2672 ἀλλ’
1047 2619 1143 2687 ἀπορῶ

123 2689 160 2758 μη
175 2690 291 2756 Reiske3
311 2692 345 2745 od
358 2692 408 2745 τὸν
423 2690 539 2761 ἔσχατον
556 2691 623 2744 ‘non
637 2693 817 2760 postremum,
832 2706 888 2742 non
902 2688 1041 2742 infimum’
1057 2690 1144 2745 inter-

123 2763 270 2830 pretantur
288 2762 347 2816 fere
366 2778 474 2828 omnes,
494 2764 591 2815 contra
611 2763 677 2816 ‘non
701 2762 850 2815 summnm’
872 2758 903 2813 Ο.
915 2759 1082 2827 Schneider,
1111 2762 1144 2816 oi

122 2833 173 2887 τὸν
187 2833 287 2888 ἀοιδὸν
306 2831 453 2903 θέσφατον
475 2834 582 2887 ‘vereor
595 2850 630 2887 ne
649 2850 704 2887 non
722 2831 944 2886 illamdivinam
957 2833 1054 2885 vatem
1073 2833 1143 2902 (scil.

123 2904 299 2974 Homerum),
324 2906 373 2960 scd
392 2905 508 2959 Hesiodi
531 2905 626 2973 potius
646 2903 839 2958 dulcissimum
858 2918 926 2972 epos
945 2902 1076 2957 imitatus
1096 2905 1143 2959 sit'

123 2975 238 3044 Dilthey
253 2993 304 3030 nee
319 2977 412 3031 sensui
427 2993 479 3030 nec
493 2978 649 3030 structurae
663 2975 811 3029 verborum
826 2973 1018 3041 satisfaciens,
1034 2973 1144 3030 Gallim.

123 3047 193 3101 haec
213 3048 295 3101 dicit:
315 3064 330 3102 e
348 3049 440 3117 poetis
459 3048 563 3101 Aratus
583 3051 658 3101 certe
676 3064 732 3101 non
751 3047 987 3100 contemnendum
1006 3045 1145 3114 imitatur,

124 3135 139 3172 c
165 3119 335 3173 carminibus
361 3136 427 3174 vero
453 3118 621 3188 (Hesiodeis)
647 3135 737 3188 paene
764 3117 882 3171 dixerim
908 3117 995 3185 (haud
1022 3117 1081 3171 scio
1110 3135 1146 3173 an

124 3190 258 3245 affirmari
276 3191 371 3261 liceat)
386 3191 430 3245 vel
449 3190 646 3243 suavissimum
665 3190 700 3243 ab
716 3206 748 3243 eo
764 3205 925 3257 expressum
939 3203 999 3241 esse
1013 3190 1147 3258 (apparet

123 3262 152 3314 in
171 3261 193 3315 P
212 3265 305 3316 cetera
323 3264 399 3316 recto
417 3261 538 3327 tradita,
558 3280 644 3314 unum
662 3262 768 3315 ἀοιδῶν
787 3259 992 3314 restituendum
1012 3275 1075 3314 esse
1094 3278 1147 3330 pro

123 3333 234 3403 ἀοιδόν)
259 3337 264 3402 Ι
290 3334 424 3405 μελιχρότ.
450 3365 483 3374 -
507 3330 618 3388 isaaci:
648 3333 681 3386 cf.
707 3331 822 3401 Ocugny
846 3330 885 3385 IV
909 3335 987 3396 26st
1014 3329 1147 3401 εὕροιμεν

122 3404 223 3459 λεπτὸν
242 3403 290 3460 καί
308 3425 335 3460 τι
354 3405 481 3475 μελιχρὸν
502 3405 568 3466 ἔπος
586 3403 710 3473 (Hedyli)

191 3502 205 3550 1
224 3497 291 3567 (τῶν
306 3494 410 3551 ἐπικῶν
421 3493 518 3565 Harb.)
536 3496 539 3564 )
556 3495 653 3548 dolebo
662 3493 703 3546 δ110
718 3500 780 3547 -εῦσ
790 3493 812 3560 (Ῥ
823 3507 859 3545 an
873 3488 1028 3559 canabe)
1045 3491 1147 3561 ἀπεμι

105 3567 143 3622 cf.
154 3569 256 3626 Nonni
264 3570 300 3628 D.
312 3577 355 3642 33,
365 3575 418 3627 202
429 3567 528 3626 attico
539 3563 564 3622 δ’
581 3564 739 3636 ἀπεμάξατο
750 3562 839 3631 αοάρη
851 3558 1009 3632 ψευδαλέον
1020 3559 1148 3632 μίμημας
