2414 3856
76 187 142 252 584
212 187 297 241 Anth.
317 185 496 256 Cephalanae
514 187 586 242 LIV
605 186 777 258 (Planndeae
795 187 841 240 1.1
860 194 955 257 e.19·)

76 351 262 434 σπευσάτω,
282 349 343 415 οὐκ
361 349 487 434 ὀχυρὴν
502 352 565 435 γὰρ
585 352 647 434 ἔχω
662 351 791 433 στάσιν,
806 356 896 435 εἴπερ
912 349 1004 433 ὀπώρ

121 457 270 543 ἀκρήβου
293 455 403 543 χρῄζει
426 454 546 542 (initae
570 455 625 521 ἀπ’
654 455 843 541 ἀκρέμονος.

76 650 240 720 potiendam
257 650 401 706 dominum
419 666 558 704 arcessere
577 651 644 704 fieus
660 650 790 719 dicatur),
809 651 930 718 denique
945 651 1006 716 aaut

75 737 181 864 ᾗρηίζει
199 739 221 792 Ρ
243 738 336 828 χρῄζει
353 739 407 792 ΡΨ
427 741 431 809 Ι
453 727 647 808 ἀκρέμόνοσε·
664 738 699 792 P:
724 757 760 793 se.
781 737 938 809 ἀκρέμονοσ
956 738 997 792 J·⁰

99 810 153 881 1¹¹),
179 811 335 881 ἀκρεμονοσ
352 810 405 864 J⁹⁰z
429 829 452 864 v.
473 812 510 866 ad
532 811 571 864 IX
589 817 614 876 3,
630 816 658 877 33
679 817 721 876 71,
737 817 761 864 4.
798 810 874 864 Infra
900 810 1003 864 hexam

76 881 113 936 ab
133 882 154 935 L
173 882 325 952 repetitum
351 885 384 952 (v.
406 881 479 936 adl.
500 884 526 953 1)
552 883 582 936 in
606 899 695 950 marg.
715 883 851 937 exteriore
870 881 956 936 verba
983 898 1006 935 e:

76 989 113 1042 ab
132 989 171 1042 A*
194 989 311 1059 scripta:
337 990 365 1054 rt
390 985 480 1044 Νικίου
507 973 548 1042 sio
569 987 627 1057 έαρ,
666 988 746 1054 Quod
770 988 937 1058 investigari
962 987 1004 1041 ab

76 1059 138 1114 vult
156 1077 199 1129 ep.
218 1060 249 1115 id
267 1061 464 1130 epigrammati
489 1061 528 1113 IX
547 1066 607 1126 563,
626 1059 704 1114 nullo
724 1059 780 1113 alio
803 1060 1006 1113 intercedente¹

75 1130 212 1199 tinuatur,
227 1131 327 1187 Niciae
341 1132 380 1185 IX
394 1138 458 1197 5643
479 1133 528 1185 sed
542 1132 686 1200 primum
704 1133 756 1184 est
775 1146 813 1184 er
832 1130 1006 1200 epigramn

76 1219 95 1256 a
112 1202 135 1256 B
155 1203 297 1272 seriptis
324 1205 471 1271 exstatque
497 1204 526 1256 in
553 1219 661 1256 summa
686 1219 751 1272 pag.
771 1208 832 1268 453,
852 1201 881 1254 in
907 1203 977 1256 folio
1004 1221 1006 1270 j

76 1274 142 1328 novi
161 1275 362 1343 quaternionis,
386 1274 461 1328 unde
488 1291 521 1327 ex
540 1274 650 1328 duabus
675 1273 829 1327 maioribus
855 1275 1006 1343 epigramn

77 1344 194 1416 syllogis
212 1345 350 1400 Palatinis
377 1345 475 1411 altera,
494 1348 526 1399 ut
545 1344 581 1398 ab
601 1345 657 1398 alio
677 1345 769 1398 scriba
794 1346 835 1398 ita
861 1345 890 1397 in
916 1344 982 1397 aliis

76 1418 172 1472 branis
191 1419 320 1483 exarata,
339 1417 453 1471 initium
472 1417 556 1487 capit.
